1701 2839
191 139 242 175 :34
721 150 862 177 ORATIO
889 150 975 178 xiu.

186 258 372 307 ὑμέτεραι,
402 271 482 297 non
507 258 637 304 cred0‚
669 272 895 311 quemquam
924 259 1171 311 probaturum
1198 274 1277 300 esse
1307 275 1391 310 eos,
1420 264 1508 316 qui,

186 329 295 368 verba
335 328 593 371 emendatione
638 343 744 379 egere
783 329 975 376 arbitrati,
1015 330 1239 370 coniecerint
1272 337 1337 370 aut
1367 333 1437 384 [ἐν]
1465 339 1512 383 τῇ

186 395 309 443 πόλει,
346 402 411 435 aut
443 385 513 449 [ἐν]
543 403 607 443 τῆς
636 398 789 445 πόλεως,
820 404 862 436 ut
892 398 1079 438 indicetur
1102 399 1210 438 cuius
1233 399 1308 438 sint
1326 400 1377 440 τὰ
1395 399 1511 450 πρόγ-

184 480 303 511 ματα.
362 465 439 513 Qui
479 466 589 505 verba
627 469 661 506 ἐν
696 474 742 516 τῇ
780 467 881 507 πόλει
921 467 1128 507 defendunt
1155 469 1433 519 interpretando
1458 469 1509 509 τα

183 534 393 580 πράγματα
431 534 477 572 de
514 535 675 573 factione
715 536 971 586 popularium,
1010 550 1085 575 non
1124 537 1305 587 cogitasse
1334 537 1508 575 videntur

182 602 296 643 huius
335 603 433 643 vocis
473 603 757 656 explicationem
798 605 906 645 unice
936 605 1095 657 pendere
1123 619 1145 644 a
1173 610 1350 645 contextu
1380 605 1507 645 verbo·

180 686 285 718 rum,
326 673 364 710 in
394 677 475 711 tota
502 678 627 712 autem
655 675 676 725 ξ
708 676 729 711 5
760 687 835 712 non
866 675 924 725 agi
954 675 999 713 de
1028 679 1127 713 statu
1158 676 1354 721 interiore,
1385 680 1428 724 ut
1455 676 1507 723 ita

180 740 319 787 dicam,
348 735 590 792 'reipublicae
628 742 937 790 Atheniensium,
977 743 1022 781 de
1061 757 1136 794 quo
1174 757 1293 782 sermo
1330 748 1387 782 est
1419 744 1458 782 in
1486 744 1507 795 ξ

178 811 373 860 sequenti,
417 811 481 848 sed
519 810 567 848 de
605 811 839 849 Athenarum
881 811 998 849 classe
1016 813 1160 850 'amissa
1188 818 1225 850 et
1252 812 1386 863 opibus
1414 812 1506 850 adeo

177 879 324 926 fractis,
366 883 411 918 ut
440 879 513 918 iam
542 880 589 918 de
618 892 708 930 pace
738 878 907 918 facienda
935 893 1020 919 cum
1048 879 1353 920 Lacedaemoniis
1383 893 1508 932 agere-

177 952 259 986 tur:
301 948 350 986 τᾶ,
388 948 597 996 πράγματα
634 948 753 998 igitur
790 949 828 987 h.
859 948 883 987 l.
924 949 979 987 nil
1007 954 1164 999 possunt
1197 949 1402 1000 significare
1430 949 1504 988 nisi

177 1030 260 1067 opeae
288 1017 364 1055 sive
384 1018 595 1067 potentiam.

228 1088 248 1137 ᾗ
278 1089 326 1124 13
359 1087 424 1136 (†).
475 1083 591 1125 ἸἨλθε
619 1087 690 1134 γὰρ
718 1087 832 1135 Φέρων
846 1088 975 1134 εἰρήνην
990 1087 1173 1132 τοιαύτην,
1194 1085 1266 1125 οἱάν
1286 1089 1388 1133 ἡμεῖς
1409 1087 1498 1134 ἔργῳ

175 1156 347 1203 μαθόντες
375 1154 551 1201 ἔγνωμεν·
582 1156 735 1199 πολλοὺς
763 1156 836 1203 γαρ
863 1158 932 1194 τῶν
958 1159 1110 1194 πολιτῶν
1136 1156 1196 1194 καὶ
1220 1156 1377 1201 ἀγαθοὺς
1401 1157 1499 1194 ἀπω-

175 1226 337 1269 λέσαμεν
365 1223 424 1262 καὶ
452 1223 552 1262 αὐτοὶ
582 1223 650 1261 ὑπὸ
677 1227 744 1262 τῶν
772 1224 961 1270 τριάκοντα
988 1223 1216 1275 ἐξηλάθημεν.
1237 1221 1318 1262 Ἧν
1332 1224 1405 1270 γαρ
1420 1224 1498 1262 ἀντὶ

173 1294 238 1340 μὲν
274 1297 336 1332 τοῦ
375 1294 433 1332 ἐπὶ
471 1292 557 1332 δέκα
593 1293 725 1332 στάδια
761 1296 829 1332 τῶν
866 1296 1008 1341 μακρῶν
1044 1296 1174 1341 τειχῶν
1202 1293 1325 1331 διελεῖν
1353 1291 1423 1332 ὅλα
1449 1293 1498 1331 τοὶ

172 1364 296 1411 μακροὶ
324 1363 431 1412 τείχη
460 1363 724 1411 κατασκάψαι,
755 1363 829 1402 κτὲ.

226 1432 299 1471 Pro
328 1431 367 1479 ἦν
395 1446 532 1484 repone
560 1433 655 1479 ε’νῆν,
686 1432 787 1484 quod
817 1444 884 1470 cur
912 1437 1130 1483 corruptum
1157 1431 1205 1469 sit
1227 1432 1264 1469 in
1284 1431 1409 1482 aprico
1429 1435 1496 1469 est.

226 1502 246 1552 ᾧ
279 1503 324 1539 19
365 1503 428 1551 (†).
485 1501 733 1539 Theramenes
771 1514 802 1538 c.
832 1514 863 1538 s,
902 1501 1087 1547 ἐβούλοντο
1124 1499 1180 1539 οὖν
1216 1501 1352 1539 ἄκοντα
1389 1500 1497 1538 δοκεῖν

170 1570 279 1609 αὐτὸν
312 1570 355 1613 (i.
386 1583 416 1607 e.
449 1570 670 1620 Aguratum)
704 1569 764 1607 καὶ
798 1570 849 1614 μη
883 1567 1007 1607 ἕκοντα
1041 1569 1199 1615 μηνύειν,
1230 1567 1322 1611 ὅπως
1351 1559 1497 1606 πιστό-

168 1653 273 1686 τερα
304 1639 385 1685 ὑμῖν
415 1638 720 1686 ὑποφαίνοιτο.

224 1706 419 1745 Ambabus
449 1706 621 1744 manibus
646 1705 785 1756 arripio
810 1705 966 1755 Kayseri
983 1705 1241 1757 ⁵coniecturam
1266 1703 1372 1743 οὕτω
1396 1704 1496 1753 <pxi-

167 1791 302 1823 νοιτο,
333 1789 408 1828 qua
436 1780 585 1827 recepta
613 1787 681 1826 pro
709 1773 900 1823 πιστότερα
929 1787 1011 1812 cum
1045 1772 1269 1812 Marklando
1289 1778 1326 1811 et
1347 1772 1496 1824 Augei-o

168 1845 476 1884 substituendum
516 1850 572 1882 est
611 1845 832 1890 πιστότερος,
872 1844 1006 1893 exigua
1040 1843 1097 1881 vel
1127 1843 1253 1893 potius
1281 1841 1388 1880 nulla
1415 1854 1495 1898 mu-

167 1915 330 1960 tatione,
361 1913 537 1965 quoniam
568 1913 606 1951 in
638 1911 965 1950 terminationibus
985 1910 1320 1962 comparativorum
1340 1910 1380 1948 in
1398 1924 1493 1958 τερος

166 1984 271 2023 nulla
309 1984 462 2021 omnino
500 1988 556 2021 est
594 1982 763 2020 codicum
803 1981 1017 2020 auctoritas.
1074 1979 1340 2019 Nominativus
1369 1972 1494 2019 autem

155 2052 363 2093 'masculini
391 2051 535 2102 generis
564 2054 619 2088 est
647 2050 897 2095 necessarius,
928 2048 1028 2100 quod
1057 2047 1197 2100 alioqui
1225 2047 1385 2098 φαίνοιτο
1409 2047 1494 2086 sub-

163 2123 260 2162 iecto
290 2125 440 2161 careret.
491 2120 546 2159 De
575 2119 764 2158 locutione
793 2118 840 2157 cf.
870 2110 1160 2169 Xenophontem
1189 2116 1228 2155 in
1244 2114 1329 2168 Cyr.
1350 2114 1424 2163 VI,
1451 2117 1489 2163 1,

166 2194 239 2230 43:
270 2189 326 2229 ἵνα
354 2189 523 2231 κάκείνοις
553 2187 753 2236 πιστότερος
784 2185 835 2236 ἧς.

217 2262 239 2312 ξ
266 2262 316 2298 23
349 2259 415 2310 (†).
473 2256 767 2306 Παραγενόμενος
799 2255 835 2293 δὲ
862 2255 992 2297 Νικίας
1020 2253 1081 2293 καὶ
1110 2253 1305 2299 Νικομένης
1333 2252 1393 2292 καὶ
1424 2251 1492 2292 ἄλ·

161 2340 215 2370 λοι
243 2328 354 2373 τινες,
384 2329 524 2375 δρῶντες
553 2327 602 2365 τα
630 2325 840 2373 πράγματα
868 2326 939 2372 οὐχ
966 2321 1023 2362 οἷα
1048 2323 1230 2370 βέλτιστα
1258 2323 1293 2361 ἐν
1319 2327 1364 2371 τῇ
1389 2322 1490 2362 πόλει

161 2399 262 2445 ὄντα,
301 2395 404 2444 ἄγειν
440 2395 504 2441 μὲν
541 2396 599 2434 τὸν
636 2394 831 2442 Ἀγόρατον
870 2394 932 2432 οὐκ
961 2392 1105 2442 ἔφασαν
1135 2391 1364 2441 προήσεσθαι,
1393 2392 1489 2441 ἀφη-

160 2473 277 2520 ροῦντο
306 2467 341 2505 δὲ
369 2465 430 2504 καὶ
459 2467 644 2511 ἠγγυῶντο
672 2463 743 2501 καὶ
773 2462 1028 2509 ὡμολόγουν
1057 2459 1218 2508 παρέξειν
1246 2461 1294 2503 εἷς
1321 2461 1385 2504 τὴν
1403 2460 1488 2507 βου·
