1701 2839
184 117 231 152 12
735 129 876 155 onam-10
904 128 958 157 IV.

260 304 442 344 Onnxo
473 305 540 344 IV.
598 305 699 353 Περὶ
728 306 985 353 τραύματος
1014 306 1059 347 ἐκ
1087 308 1305 356 προνοίας,
1335 307 1432 356 περὶ

572 372 620 412 οὗ
646 374 717 412 καὶ
751 375 851 423 πρὸς
879 373 922 413 ὃν
949 373 1121 419 ἄδηλον.

233 513 279 551 In
309 513 422 551 titulo
451 513 565 551 huius
595 513 774 552 orationis
803 514 953 552 Atticus
982 507 1192 564 scripsisset
1220 513 1303 562 ὑπὲρ
1331 512 1371 553 οὗ
1380 543 1392 560 ,
1418 514 1443 552 i.
1468 527 1500 552 e.

170 596 243 631 pro
270 596 339 633 quo
351 599 367 627 ;
396 582 460 625 sed
489 582 584 620 nihil
613 588 739 621 muto:
766 581 895 627 ἄδηλον
918 582 1017 627 enim
1041 582 1196 621 accessit
1219 596 1264 621 ex
1288 583 1503 622 coniectura

178 651 349 702 Taylori,
382 650 592 702 titulusque
621 651 713 690 adeo
743 657 800 690 est
825 651 996 691 mutilus.
1054 650 1167 700 Quod
1193 652 1327 691 sivero
1356 651 1504 704 supple·

183 726 245 758 tus
283 733 361 758 esse
399 720 590 770 putandus
618 725 696 766 est,
721 720 856 765 *nullus
886 720 1040 767 dubito,
1069 721 1161 771 quin
1191 721 1274 768 ὑπέρ
1303 720 1504 772 legendum

177 789 247 835 sit3
289 789 356 839 qui
394 788 493 827 enim
530 788 662 827 titulos
701 788 912 829 orationum
950 787 1083 840 Lysiae
1121 789 1290 841 scripsit,
1329 789 1403 829 fuit
1439 788 1505 828 ille

174 857 324 908 quidem
347 857 585 895 Graecitatis
624 857 936 907 antiquitatisque
974 857 1190 908 imperitus,
1232 862 1271 895 at
1306 858 1382 897 tale
1411 858 1504 909 quid

173 939 257 964 eum
296 926 523 964 commisisse
557 939 633 964 non
668 925 776 964 facile
814 925 978 964 adducar
1005 930 1051 964 ut
1079 925 1247 973 credam,
1277 926 1317 966 in
1347 927 1503 966 caeteris

172 995 272 1034 enim
300 995 422 1033 titulis
450 995 682 1041 orationum,
715 989 810 1045 quae
839 995 998 1045 scriptae
1031 1000 1121 1033 sunt
1145 995 1184 1033 in
1203 995 1363 1034 alicuius
1378 995 1502 1035 defen-

174 1064 338 1109 sionem,
369 1063 594 1114 praepositio
628 1063 712 1111 ὑπέρ
740 1063 917 1101 solemnis
945 1067 1013 1101 est.

237 1134 258 1184 ἕ
285 1134 308 1170 3
338 1132 409 1184 (†).
466 1131 689 1178 Ἐβουλόμην
720 1132 751 1170 δ’
780 1131 825 1170 ἂν
857 1133 909 1178 μὴ
936 1133 1143 1179 ἀπολαχεῖν
1171 1132 1279 1171 αὐτὸν
1296 1133 1413 1180 κριτὴν
1431 1140 1512 1172 Ato-

190 1202 335 1250 νυσίοις,
372 1198 412 1239 ἵν’
445 1202 526 1247 ὑμῖν
562 1200 713 1249 Φανερὸς
747 1200 887 1247 ἐγένετο
915 1199 991 1246 ἐμοὶ
1019 1200 1280 1247 διηλλαγμένος
1308 1201 1425 1249 κρίνας
1451 1202 1515 1246 την

188 1271 275 1317 ἐμὴν
303 1271 423 1318 Φυλὴν
451 1271 561 1308 νικᾶν.

241 1338 430 1376 Ultimum
461 1337 684 1375 vocabulum
714 1337 943 1387 adscriptum
971 1336 1120 1375 videtur
1146 1337 1186 1375 in
1214 1337 1371 1387 gratiam
1401 1337 1515 1376 Grae-

184 1407 376 1453 culorum,
408 1407 474 1456 qui
496 1406 700 1452 nescirent,
729 1405 821 1456 quid
851 1405 1075 1456 significaret
1102 1405 1222 1454 κρίνειν
1247 1406 1345 1456 τινα,
1374 1407 1512 1456 φυλήν,

184 1475 299 1525 χορόν.
356 1475 417 1514 Sic
446 1474 657 1514 Scholiasta
681 1473 728 1513 ad
758 1474 873 1513 Arist.
920 1475 989 1513 Av.
1024 1476 1147 1512 1114:

350 1544 390 1590 ἢν
418 1545 454 1583 δὲ
480 1545 532 1591 μὴ
562 1544 719 1595 κρίνητε,
751 1543 977 1592 χαλκεύεσθε
1005 1543 1193 1590 μηνίσκους
1221 1548 1357 1595 φορεῖν,

186 1626 335 1652 necesse
363 1613 499 1652 habuit
523 1613 721 1651 adnotare:
748 1612 810 1652 ἐὰν
835 1612 870 1650 δὲ
895 1612 946 1658 μὴ
970 1613 1068 1658 ἡμᾶς
1093 1612 1227 1660 κρίνητε
1251 1615 1360 1652 νικῖιν.
1390 1612 1514 1653 Erunt

186 1683 342 1720 fortasse
353 1712 364 1729 ,
394 1683 460 1732 qui
488 1682 583 1721 mihi
611 1682 811 1727 obiiciant,
844 1681 1072 1731 Aeschylum
1100 1681 1141 1719 in
1176 1682 1324 1731 Choeph.
1354 1696 1407 1720 vs.
1435 1684 1513 1721 903

185 1750 424 1789 introducere
452 1749 624 1789 Orestem
654 1750 701 1788 ad
730 1749 908 1800 Pyladem
938 1748 1143 1788 dicentem:

348 1820 446 1867 κρίνω
474 1820 510 1858 δὲ
538 1822 637 1858 νικᾶν
665 1819 724 1858 καὶ
755 1823 937 1867 παραινεῖς
965 1833 1024 1866 μοι
1054 1822 1185 1863 καλῶς.

188 1889 240 1925 At
280 1892 457 1939 reputent
498 1888 660 1938 tragicos
703 1887 871 1925 studiose
913 1887 953 1925 in
990 1887 1158 1925 oratione
1187 1901 1383 1938 quaerere,
1415 1901 1513 1939 quae

187 1957 412 1997 abhorreant
450 1971 472 1996 a
505 1956 776 1996 consuetudine
814 1956 1007 2008 populari,
1049 1955 1216 2009 adeoque
1247 1956 1438 1997 Bacchum
1475 1958 1515 1998 in
1585 2015 1587 2017 ι

188 2027 303 2065 Ranis
342 2041 395 2065 vs.
430 2028 552 2073 1473,
581 2027 767 2077 'tragicum
798 2040 1006 2064 sermonem
1032 2027 1263 2073 imitantem,
1293 2027 1340 2065 ad
1368 2027 1515 2078 Euripi-

190 2094 275 2133 dem
305 2095 600 2134 stomachantem
630 2095 772 2133 dicere:

186 2246 281 2282 quae
312 2233 410 2271 enim
441 2236 477 2270 et
505 2236 592 2270 ante
621 2236 659 2270 et
686 2235 773 2283 post
801 2231 902 2270 hunc
931 2244 1078 2270 versum
1108 2244 1130 2269 a
1155 2230 1304 2270 Baccho
1333 2231 1380 2270 ad
1409 2231 1517 2271 Euri-

187 2302 312 2353 pidem
353 2302 554 2349 dicuntur,
594 2302 686 2341 meri
724 2301 798 2340 loci
826 2301 959 2352 tragici
987 2305 1096 2348 sunt,
1125 2314 1195 2340 nec
1223 2301 1303 2340 ullo
1331 2301 1405 2341 alio
1433 2302 1515 2342 loco

188 2370 482 2421 Aristophanes,
515 2371 581 2420 qui
608 2375 665 2408 sat
690 2383 800 2428 saepe
820 2370 867 2408 de
887 2370 956 2409 hac
975 2383 1015 2408 re
1034 2369 1222 2420 loquitur,
1245 2370 1398 2409 verbum
1417 2374 1515 2411 νικᾶν

189 2440 346 2479 addidit.
