1701 2839
204 145 253 182 66
714 158 855 186 omno
882 159 1006 187 xxm.

203 263 267 302 sed
295 264 504 315 Diogitoni.
562 265 673 313 Quod
702 267 735 304 si
762 267 891 318 Lysias
920 269 1012 316 αὐτῇ
1042 266 1200 305 scribere
1229 266 1432 312 voluisset,
1461 265 1525 304 de·

203 331 319 370 disset
346 333 439 382 αὐτῇ
470 333 645 372 ἐπιδοῦναι
673 334 866 375 ἐκέλευσεν.

255 402 276 452 ᾗ
308 403 368 439 10.
415 401 535 440 Tae?
553 402 770 447 ἀκούσαντες
789 400 1075 449 ἐκπεπληγμένοι
1095 403 1155 442 καὶ
1170 403 1373 452 δακρύοντες
1388 402 1527 452 ᾤχοντο

201 469 285 518 πρὸς
322 470 385 514 τὴν
421 470 581 517 μητέρα,
619 471 679 509 καὶ
718 470 995 518 παραλαβόντες
1030 471 1159 517 ἐκείνην
1195 469 1274 517 ἧκον
1311 471 1393 520 πρὸς
1431 471 1497 518 ε’μέ
1511 499 1523 517 ,

199 539 337 586 οἰκτρῶς
375 538 442 576 ὑπὸ
478 542 539 577 τοῦ
577 539 707 583 πάθους
736 539 943 586 διακείμενοι
971 540 1049 579 καὶ
1077 540 1205 583 άθλίως
1232 539 1503 583 ἐκπεπτωκότες
1516 569 1528 586 ,

198 605 412 649 κλάοντες
449 606 510 645 καὶ
550 608 842 655 παρακαλοῦντές
869 623 919 655 με
945 610 998 656 μη
1026 609 1184 657 περιιδεῖν
1212 609 1341 661 αὑτοὺς
1368 610 1524 647 ἀποστε-

198 674 361 723 ρηθέντας
389 678 457 714 τῶν
480 675 647 726 πατρῴων
672 677 753 724 μηδ’
776 678 824 721 εἷς
848 678 1035 727 πτωχείαν
1057 677 1337 729 καταστάντας,
1354 677 1525 725 ὑβρισμέ-

198 757 273 785 νους
302 744 366 793 ὑφ’
393 741 438 781 ὧν
465 743 579 790 ἥκιστ’
606 746 734 795 ἐχρῆν,
763 746 867 784 άλλοὶ
894 746 1065 793 βοηθῆσαι
1083 745 1143 784 καὶ
1164 751 1227 791 τῆς
1240 746 1403 795 ἀδελφῆς
1418 744 1521 784 ἕνεκα

197 810 259 850 καὶ
287 815 396 860 σφῶν,
415 813 543 851 αὐτῶν.

253 879 360 918 Hane
388 881 409 930 ᾗ
436 880 624 919 turbatam
653 894 732 920 esse
760 895 877 919 nemov
896 881 1029 932 opinor
1057 895 1133 920 non
1152 882 1273 920 videt:
1304 882 1396 932 quid
1416 883 1516 920 enim

197 960 335 998 quaeso
377 948 489 986 facias
527 948 647 987 verbis
676 949 812 991 άθλίως
851 949 1119 993 ἐκπεπτωκότες
1157 954 1195 988 et
1232 949 1298 988 illo
1338 949 1518 1001 asyndeto

196 1019 282 1054 ante
316 1015 513 1059 κλάοντεςῖ
567 1016 678 1055 Forte
715 1016 846 1068 Lysias
884 1018 1100 1068 scripserat:
1140 1016 1218 1063 ἧκον
1246 1018 1328 1066 πρὸς
1356 1019 1439 1065 ἐμέ,
1473 1018 1518 1056 οἶ-

195 1086 304 1131 κτρῶς
343 1085 410 1122 ὑπὸ
446 1087 509 1122 τοῦ
547 1084 677 1128 πάθους
714 1085 921 1131 διακείμενοι
959 1085 1019 1123 καὶ
1058 1085 1226 1128 κλάοντες
1260 1085 1320 1124 καὶ
1358 1100 1523 1132 παρακα-

196 1152 338 1195 λοῦντές
375 1167 423 1198 με
460 1153 511 1199 μὴ
549 1153 707 1201 περιιδεῖν
739 1154 869 1196 αὐτοὺς
896 1153 1023 1196 άθλίως
1051 1152 1326 1199 ἐκπεπτωκότας
1354 1157 1422 1192 τῶν
1451 1167 1521 1192 πα-

197 1220 329 1271 τρῴων,
373 1221 456 1268 μηδ’
497 1223 546 1265 εἰς
588 1222 774 1270 πτωχείαν
811 1222 1083 1265 καταστάντας.
1140 1221 1361 1274 Explicandi
1399 1223 1522 1273 gratia

197 1290 322 1328 nescio
345 1290 451 1340 quis,
473 1291 535 1328 cui
555 1290 775 1328 insolentior
790 1290 987 1328 videbatur
1001 1290 1142 1328 locutio
1156 1291 1430 1333 ἐκπεπτωκότας
1443 1320 1453 1339 ,
1478 1291 1518 1329 in

197 1358 362 1409 margine
392 1358 588 1410 adscripsit
615 1359 928 1407 άποστερηθέντας.
973 1358 1167 1397 Glossema
1196 1362 1232 1397 et
1251 1358 1397 1410 glossa,
1418 1363 1461 1397 ut
1481 1359 1521 1397 in

196 1427 262 1466 Or.
292 1427 447 1474 XXVI,
477 1429 497 1478 ξ
525 1430 570 1474 9,
600 1428 725 1466 locum
753 1432 968 1474 mutarunt,
999 1428 1134 1466 deinde
1162 1428 1288 1477 glossa
1316 1428 1415 1465 felici
1431 1441 1518 1465 casu

197 1509 422 1547 quamquam
453 1495 573 1534 alieno
602 1495 683 1534 loco
703 1496 814 1534 rediit
833 1496 873 1534 in
896 1500 1049 1535 textum.
1094 1494 1190 1534 Vide
1211 1501 1355 1545 autem,
1377 1499 1521 1547 quanto

196 1566 320 1615 aptius
357 1565 625 1609 ἐκπεπτωκότες
663 1566 703 1603 in
741 1570 926 1604 commota
964 1566 1130 1603 oratione
1159 1566 1208 1603 sit
1236 1578 1346 1614 qnam
1375 1565 1522 1614 langui-

197 1633 288 1672 dum
316 1633 413 1672 illud
442 1633 756 1682 άποστερηθέντας.

250 1704 270 1753 §
301 1704 363 1741 12.
421 1703 525 1741 ἐλθὼν
566 1702 596 1740 δ’
640 1704 710 1748 ἐγὼ
753 1701 975 1748 ἠγανάκτουν
1017 1703 1082 1748 μὲν
1126 1702 1208 1750 πρὸς
1244 1703 1431 1749 Ἡγήμονα
1459 1702 1519 1741 τὸν

194 1772 328 1820 ἔχρντα
354 1772 418 1815 την
446 1770 569 1809 τούτου
597 1770 798 1818 θυγατέρα,
828 1771 955 1817 λόγους
984 1770 1013 1808 δ’
1042 1769 1226 1817 ἐποιούμην
1255 1771 1337 1819 πρὸς
1356 1771 1436 1813 τοὺς
1452 1770 1521 1809 άλ-

194 1849 275 1882 λους
313 1838 547 1886 ἐπιτηδείους,
587 1838 700 1885 ἠξίουν
734 1839 770 1877 δὲ
808 1842 929 1878 τοῦτον
966 1840 1015 1882 εἰς
1053 1839 1208 1886 ἔλεγχον
1240 1838 1325 1877 ἱέναι
1350 1838 1426 1887 περὶ
1455 1842 1521 1877 τῶν

198 1908 437 1957 πραγμάτων.

250 1976 302 2015 Ni
341 1977 450 2015 fallor
486 1976 617 2027 Lysias
654 1977 802 2027 scripsit
835 1980 903 2016 τῶν
930 1976 1128 2025 χρημάτων
1157 1990 1224 2027 pro
1252 1979 1320 2015 τῶν
1347 1975 1521 2025 πραγμά-

193 2060 284 2093 των,
323 2059 418 2097 quae
459 2045 639 2085 vocabula
677 2046 816 2085 centies
856 2059 876 2084 a
914 2045 1074 2084 librariis
1108 2045 1288 2084 confundi
1316 2044 1429 2096 vulgo
1458 2058 1521 2083 no-

195 2120 276 2153 tum
306 2121 373 2154 est.

249 2185 270 2235 §
300 2186 361 2223 13.
419 2184 488 2223 Καὶ
527 2184 603 2233 περὶ
643 2184 775 2223 τούτων
801 2184 872 2230 ἐγὼ
901 2183 987 2222 θέλω
1015 2183 1096 2227 τοὺς
1124 2182 1259 2225 παῖδας
1287 2196 1520 2239 παραστησα-

192 2253 280 2300 μένη
322 2253 382 2292 καὶ
424 2253 567 2297 τούτους
609 2253 670 2291 καὶ
707 2254 788 2296 τοὺς
826 2251 963 2300 ὕστερον
995 2253 1135 2301 ἐμαυτῇ
1164 2251 1368 2298 γενομένους
1393 2251 1519 2298 ὀμόσαι

192 2321 278 2361 ὅπου
308 2321 352 2361 ἂν
381 2321 489 2366 αὐτὸς
519 2321 641 2371 λέγῃς.

246 2390 321 2430 Pro
349 2391 458 2441 λέγης
486 2390 635 2442 requiro
665 2390 822 2440 κελεύῃς.
867 2390 974 2428 Duae
1004 2389 1145 2440 priores
1173 2389 1317 2428 litterae
1345 2389 1518 2428 videntur

193 2459 365 2510 periisse,
396 2472 567 2511 quaeque
594 2459 785 2498 restabant
813 2472 834 2497 a
862 2458 1023 2497 librariis
1052 2457 1199 2496 refictae
1229 2471 1319 2497 esse.
