1701 2839
184 171 236 207 32
729 183 868 210 omno
895 183 975 212 nv,

185 293 251 337 „et
282 304 344 350 yos
373 290 411 328 in
441 290 510 329 hae
540 304 652 329 eausa
679 305 754 329 non
783 296 930 330 tantum
958 291 1122 339 iudices,
1153 292 1215 331 sed
1237 293 1511 344 quodammodo

185 360 324 406 „etiam
353 359 584 409 legislatores
614 360 742 399 estis.'’
798 359 912 408 Quod
942 361 973 399 si
1002 374 1153 409 verum,
1174 352 1249 400 non
1270 368 1394 413 potest
1406 364 1510 411 fieri,

184 433 226 466 ut
265 433 389 466 orator
427 428 614 479 scripserit
643 428 743 479 quod
763 428 873 467 'nune
901 429 941 467 in
970 429 1200 469 editionibus
1229 431 1501 471 circumfertur.

183 497 348 536 Primum
370 498 508 536 alicubi
528 503 614 536 ante
634 496 659 536 ὦ
677 497 796 547 ἄνδρες
816 499 984 538 δικασταί
1007 500 1211 551 requiritur
1230 502 1326 547 ὑμᾶς
1336 516 1348 548 5
1368 501 1504 541 deinde

181 567 302 606 deleto
332 573 509 606 commate
528 572 624 624 *post
652 568 916 617 ἐποιησάμεθα,
947 572 1078 616 πρῶτον
1108 569 1327 609 mutandum
1357 570 1506 621 ἰηπρώ-

179 652 281 680 τους,
300 642 423 675 orator
452 637 550 675 enim
578 650 654 675 non
684 637 766 675 vult
794 638 936 687 dicere,
969 652 1031 676 eos
1060 652 1160 677 nunc
1180 639 1341 688 primum
1364 639 1507 678 iudices

179 706 304 745 sedere
342 707 381 744 in
419 719 530 750 causa
567 706 809 755 ἀστρατείας,
850 708 956 758 quasi
990 712 1118 758 postea
1147 708 1279 746 iterum
1310 708 1349 746 in
1378 707 1505 747 eadem

178 789 289 814 eausa
316 775 517 813 iudicaturi
546 781 689 821 essent,
720 775 786 813 sed
814 789 875 814 eos
901 777 1037 825 primos
1064 790 1163 823 esse,
1185 778 1250 827 qui
1271 781 1356 828 post
1375 791 1503 828 pacem

177 858 261 883 eum
304 844 614 883 Lacedaemoniis>
650 844 913 896 compositam,
958 845 982 883 i.
1025 858 1056 884 e.
1097 850 1182 896 post
1211 845 1406 884 Euclidem
1437 847 1504 884 Ar-

175 915 370 960 ehontem,
415 914 460 952 de
504 913 573 952 hae
614 928 652 952 re
691 914 855 953 sedeant.
914 914 1084 964 Denique
1123 915 1161 953 in
1199 914 1341 953 ultimis
1370 916 1498 959 αὐτοὺς

174 985 335 1031 γενέσθαι
358 987 575 1034 corruptum
595 996 672 1021 esse
692 983 765 1021 iam
783 982 973 1021 Dobraeus
989 986 1025 1021 et
1039 982 1291 1021 Franckenius
1308 996 1499 1035 perspexe-

173 1058 284 1099 runt,
315 1067 358 1091 ex
388 1066 548 1102 quorum
578 1052 800 1091 coniecturis
829 1052 987 1090 maxime
1015 1052 1153 1091 arridet
1180 1052 1313 1091 ultima
1333 1052 1496 1092 Dobraei

173 1123 273 1172 (nam
303 1135 377 1160 non
406 1121 530 1159 minus
559 1134 671 1171 quam
699 1125 860 1171 quatuor
881 1134 924 1158 ex
947 1121 1027 1158 eius
1048 1120 1194 1159 schedis
1214 1121 1381 1171 prolatae
1397 1123 1499 1173 sunt)

173 1192 331 1243 legentis
360 1191 462 1235 τοὺς
490 1192 617 1234 αὐτοὺς
641 1190 814 1237 γενέσθαι.
854 1189 977 1228 Locus
998 1190 1113 1241 igitur
1127 1190 1281 1228 fortasse
1296 1191 1348 1228 sie
1364 1191 1499 1229 consti-

172 1261 335 1300 tuendus
374 1265 450 1299 est:
494 1260 583 1303 εἰκὸς
620 1260 732 1298 τοίνυν
774 1259 869 1297 ἐστὶν
913 1260 1047 1305 ὑμᾶς,
1091 1254 1116 1297 ὦ
1159 1258 1277 1307 ἄνδρες
1306 1259 1495 1309 δικασταί,

170 1331 210 1377 ἐξ
237 1330 276 1370 οὗ
304 1332 367 1375 τὴν
396 1331 524 1378 εἰρήνην
553 1328 794 1375 ἐποιησάμεθα
824 1328 1014 1375 πρώτους
1034 1327 1284 1376 περὶτούτων,
1305 1327 1372 1378 qui
1385 1327 1496 1366 modo

170 1402 208 1439 in
238 1400 318 1451 lege
347 1398 624 1438 commemorati
653 1402 764 1443 sunt,
795 1397 861 1436 νυν)
883 1396 1108 1446 δικάζοντας,
1129 1397 1181 1443 μὴ
1200 1396 1304 1443 μόνον
1322 1396 1495 1439 δικαστὰς

167 1471 272 1511 ἀλλὰ
301 1471 361 1509 καὶ
390 1468 575 1517 νομοθέτας
604 1468 704 1509 τοὺς
734 1466 862 1511 αὐτοὺς
890 1466 1074 1514 γενέσθαι,
1104 1464 1142 1505 εὖ
1170 1465 1306 1509 εἰδότας
1335 1466 1409 1505 κτὲ.

221 1541 241 1592 ᾧ
273 1541 307 1579 7.
365 1538 410 1577 In
447 1537 611 1576 Scheibii
646 1536 808 1575 editione
846 1536 951 1573 locus
988 1536 1041 1574 sic
1068 1535 1226 1585 legitur:
1271 1535 1489 1582 ἀστρατείας

165 1610 231 1658 μὲν
267 1610 339 1658 γὰρ
380 1608 519 1651 δικαίως
558 1606 601 1646 ἂν
645 1605 752 1645 αὐτὸν
791 1605 979 1655 (ἠγοῦμαι)
1007 1604 1159 1651 ἁλῶναι,
1190 1601 1241 1643 ὅτι
1271 1604 1492 1651 καταλεγεὶς

167 1678 319 1723 ὁπλίτης
347 1681 408 1716 οὐκ
435 1676 558 1722 ἐξῆλθε
585 1676 663 1721 μεθ’
692 1675 786 1717 ὑμῶν
814 1672 1195 1722 στρατοπεδευόμενος,
1226 1673 1300 1711 οὐδὲ
1328 1671 1492 1720 παρέσχε

165 1748 264 1796 μετα
292 1750 360 1787 τῶν
384 1745 506 1785 ἄλλων
529 1744 652 1784 ἑαυτὸν
670 1742 800 1794 τάξαι,
821 1743 953 1786 δειλίας
968 1741 1020 1789 δέ,
1047 1740 1100 1781 ὅτι
1116 1741 1183 1781 δεῖν
1199 1741 1310 1792 (malo
1325 1754 1409 1780 cum
1427 1739 1495 1780 Co-

166 1817 251 1856 beto
281 1817 365 1868 δέον)
395 1815 502 1855 αὐτὸν
531 1815 629 1861 μετα
656 1818 723 1852 τῶν
755 1814 906 1852 ὁπλιτῶν
933 1811 1135 1851 κινδυνεύειν
1163 1811 1324 1850 ἱππεύειν
1351 1808 1473 1849 εἵλετο.

221 1885 310 1924 Non
347 1883 736 1934 στρατοπεδευόμενος
774 1895 859 1920 cum
901 1880 988 1919 viris
1025 1880 1145 1920 doctis
1183 1878 1406 1918 eliciendum
1436 1883 1493 1918 est

166 1970 207 1995 ex
240 1955 390 1994 Codicis
420 1954 579 1992 lectione
609 1956 785 2003 corrupta
812 1950 1037 1998 στρατοπέδῳ
1064 1949 1187 1996 μόνος,
1218 1948 1282 1986 sed
1298 1962 1492 1996 στρατοπε-

163 2025 413 2072 δευσόμενος.
476 2021 598 2061 Nemo
646 2021 744 2060 enim
789 2019 835 2058 ad
878 2018 1019 2058 bellum
1061 2017 1309 2070 proficiscitur
1346 2016 1403 2055 vel
1432 2030 1491 2055 ex-

161 2095 390 2147 peditionem
437 2092 591 2143 suscipit
634 2089 1006 2139 στρατοπεδευόμενος.
1064 2087 1259 2126 Praeterea
1301 2100 1377 2125 non
1422 2086 1487 2125 abs

160 2179 199 2203 re
248 2163 361 2202 fuerit
411 2174 581 2207 monere,
630 2173 705 2198 non
754 2159 834 2197 sine
878 2170 988 2196 causa
1032 2156 1111 2204 μεθ’
1155 2156 1250 2202 ὑμῶν
1292 2154 1489 2208 participio

161 2230 546 2282 στρατοπεδευσόμενος
577 2228 767 2281 praeponi.
826 2225 1012 2266 Alcibiadi
1041 2224 1141 2263 enim
1159 2224 1212 2263 sic
1230 2228 1375 2276 praeter
1388 2223 1491 2275 igna-

161 2304 258 2342 viam
296 2301 530 2353 arrogantiae
574 2298 845 2350 superbiaeque
875 2296 1013 2334 crimen
1043 2293 1239 2339 obiicitur,
1270 2293 1376 2343 quasi
1405 2306 1490 2331 cum

161 2373 379 2413 hominibus
418 2371 464 2409 de
504 2369 610 2421 plebe
650 2368 689 2407 in
723 2366 853 2405 castris
882 2364 1019 2404 versari
1049 2362 1146 2401 infra
1174 2376 1213 2401 se
1243 2361 1411 2409 duxerit,
1442 2360 1490 2401 ad

158 2443 260 2494 quod
298 2441 410 2480 etiam
448 2439 591 2478 faciunt
620 2436 816 2487 sequentia
843 2434 919 2473 οὐδὲ
947 2433 1112 2481 παρέσχε
1141 2432 1240 2478 μετα
1267 2435 1335 2470 τῶν
1365 2430 1486 2470 ἄλλων

157 2511 282 2553 ἑαυτὸν
311 2526 335 2550 τ
352 2510 358 2524 ’
383 2524 433 2551 αι.
