1701 2839
172 134 223 171 3⁰
706 147 847 174 omino
874 146 960 174 1111.

172 254 274 294 vium
301 254 453 294 illorum
482 255 720 294 manifestum
749 254 975 294 homicidam
1002 254 1129 293 fuisse.
1185 254 1306 295 Simul
1331 255 1496 304 indicat,

172 335 247 374 qua
293 322 339 362 de
381 336 512 362 caussa
561 323 805 363 undecimviri
848 323 1071 375 Dionysium
1112 323 1184 363 hoc
1221 323 1340 363 facere
1369 336 1499 375 coege-

170 391 266 429 rint:
305 391 473 430 fecerunt
510 405 663 444 nempe,
707 398 749 431 ut
792 405 860 443 ego
902 392 1061 438 conieci,
1098 393 1148 441 τῷ
1176 392 1296 441 δικαίῳ
1325 389 1500 441 ἰσχυριζό-

170 473 287 506 μενοι,
320 460 394 506 vel,
425 460 527 511 quod
555 460 654 500 idem
681 460 756 503 fere
786 467 858 507 est,
880 461 930 509 τῷ
949 461 1069 509 δικαίῳ
1087 460 1311 504 πιστεύοντες
1332 460 1396 511 (cf.
1424 460 1497 499 De-

172 528 308 566 mosth.
338 527 403 566 Or.
435 527 575 575 XLIV,
604 530 625 580 §
653 530 715 581 3),
745 529 770 567 i.
802 543 833 568 e.
865 542 931 580 pro
959 537 1061 567 certo
1092 528 1270 568 habentes
1296 542 1335 568 se
1353 528 1495 576 facere,

173 596 274 647 quod
294 596 436 635 iustum
456 596 740 648 legitimumque
760 605 876 644 esset,
896 599 958 636 οὐκ
980 596 1121 643 οἰόμενοι
1143 599 1192 646 τῷ
1207 597 1391 646 Ἀγοράτῳ
1406 611 1495 642 συμ-

173 665 342 712 πράττειν
351 694 363 711 ,
384 665 409 703 i.
426 678 457 704 e.
474 677 550 703 non
565 666 796 716 suspicantes
807 695 817 711 ,
842 679 881 703 se
896 666 1016 704 facere
1031 666 1194 716 aliquid,
1211 678 1286 716 quo
1301 670 1498 716 praetextu

172 746 310 771 usurus
330 737 426 772 esset
449 734 657 785 Agoratus,
684 739 727 772 ut
751 747 830 772 sese
854 734 984 772 iudicii
1010 733 1154 784 laqueis
1170 734 1387 779 extricaret,
1403 745 1499 783 quae

173 802 285 840 verba
312 812 457 848 orator,
488 802 530 840 ni
559 802 687 847 fallor,
718 803 771 840 sic
800 803 916 852 accipi
938 803 1085 854 voluit,
1102 803 1210 853 quasi
1230 800 1498 846 uudecimviri,

174 870 206 909 si
234 871 548 922 praesensissent,
579 884 655 922 qua
682 872 825 909 ratione
855 872 1041 922 Agoratus
1066 870 1132 909 illo
1151 871 1208 909 ἐπ’
1228 869 1419 918 αὐτοφώρῳ
1438 868 1500 908 ab·

173 953 310 978 usurus
340 945 457 986 esset,
488 953 563 978 non
591 940 758 978 coacturi
787 940 945 978 fuissent
979 939 1199 989 Dionysium
1229 937 1451 977 adscribere.

227 1009 248 1059 ὗ
276 1010 324 1047 87
341 998 427 1060 ’(ῒ).
486 1010 541 1048 Οὐ
569 1009 642 1056 γὰρ
670 1008 779 1053 δήπου
797 1011 900 1047 τοῦτο
918 1007 1020 1053 μόνον
1043 1006 1187 1046 οἴεται
1207 1007 1263 1045 ἐπ’
1283 1007 1496 1056 αὐτοφώρῳ,

174 1078 235 1117 ἐάν
267 1092 320 1121 τις
356 1077 452 1125 ξύλῳ
480 1077 501 1123 ἢ
528 1091 700 1126 μαχαῳᾳ
728 1076 900 1122 πατάξας
923 1076 1144 1125 καταβάλῃ,
1174 1077 1249 1114 ἐπεὶ
1280 1074 1320 1114 ἔκ
1347 1089 1393 1121 γε
1420 1077 1498 1114 τοῦ

174 1151 245 1186 σοῦ
287 1147 397 1193 λόγου
438 1147 546 1190 οὐδεὶς
587 1147 791 1196 φανήσεται
833 1146 1044 1189 αἰποιτείνας
1083 1146 1162 1187 τοὺς
1192 1143 1340 1191 ἄνδρας,
1370 1139 1427 1186 οὓς
1455 1143 1499 1181 σὺ

173 1215 411 1263 ἀπέγραψας.

230 1284 303 1323 Pro
339 1284 448 1324 οἴεται
486 1297 572 1322 cum
611 1282 859 1322 Herwerdeno
898 1281 1134 1321 scribendum
1171 1293 1302 1319 censeo
1341 1284 1411 1319 νοεῖ
1435 1278 1497 1327 τό,

175 1353 276 1403 quod
305 1353 338 1390 si
367 1366 449 1390 vere
478 1354 716 1390 emendatum
746 1360 822 1396 est,
852 1351 964 1387 simul
994 1350 1256 1400 corrigendum
1283 1350 1322 1386 ἔκ
1340 1361 1386 1393 γε
1406 1347 1498 1385 τού-

175 1437 247 1461 του
290 1425 363 1461 τοῦ
404 1419 515 1468 λόγου
557 1432 624 1472 pro
666 1419 705 1459 ἔκ
738 1433 783 1466 γε
820 1421 894 1457 τοῦ
923 1422 995 1457 σοῦ
1024 1420 1155 1467 λόγου,
1199 1418 1239 1455 in
1269 1416 1371 1466 quod
1400 1414 1497 1453 illud

176 1492 396 1542 pervulgato
426 1503 547 1528 errore
576 1490 680 1527 abiit.

228 1561 249 1612 ᾧ
278 1562 325 1600 s?
357 1561 427 1611 (†).
486 1559 623 1599 Οὔκουν
650 1558 666 1596 ὅ
695 1556 805 1600 αἴτιος
833 1560 895 1595 τοῦ
923 1555 1075 1594 θανάτου
1103 1551 1200 1597 οὗτος
1227 1554 1285 1592 ἐπ’
1304 1551 1499 1600 αὐτοφώρῳ

176 1631 272 1675 ἐσῆς
301 1631 368 1673 Τίς
398 1628 453 1668 οὖν
480 1629 592 1671 ἄλλος
621 1627 729 1668 αἴτιος
759 1626 779 1671 ἢ
800 1624 844 1664 σὺ
864 1625 1108 1672 απογραψαςς
1135 1623 1261 1661 ''xla-rs
1279 1637 1296 1658 71
1305 1624 1348 1663 ὥς
1364 1622 1426 1659 οὐκ
1442 1621 1500 1658 ἐπ’

177 1701 370 1748 αὐτοφώρῳ
396 1699 441 1737 σὺ
469 1696 544 1737 εἷῦ
572 1698 858 1742 οὶποκτείναςῑ

233 1770 418 1806 Accurate
456 1767 540 1817 quis
581 1767 680 1816 legat
718 1765 819 1802 hune
852 1763 1111 1814 syllogismum
1140 1764 1177 1797 et
1206 1758 1350 1803 videat,
1381 1770 1505 1795 annon

179 1838 312 1877 ultima
340 1837 416 1876 duo
445 1836 626 1876 vocabula
652 1834 788 1886 Lysiae
819 1831 1068 1872 abiudicanda
1096 1830 1190 1875 sint,
1221 1840 1360 1878 quippe
1380 1826 1508 1864 addita

179 1922 200 1947 a
239 1908 375 1953 sciolo,
414 1906 481 1958 qui
518 1906 707 1943 insolitam
748 1903 974 1941 locutionem
1002 1900 1059 1938 ἐπ’
1088 1899 1279 1947 αὐτοφώρῳ
1307 1896 1351 1935 σὺ
1380 1893 1414 1933 εἶ
1438 1907 1505 1933 suo

179 1991 282 2017 more
311 1977 496 2028 explicare
525 1984 682 2014 conatus
712 1973 774 2011 sit.

232 2050 253 2100 ἕ
281 2050 330 2086 97
362 2051 432 2099 (Τ).
490 2045 621 2094 Quum
649 2052 752 2082 actor
779 2043 819 2081 in
846 2042 867 2092 ᾧ
895 2041 946 2078 96
976 2038 1151 2082 dixisset,
1184 2036 1239 2074 vel
1259 2034 1344 2073 ideo
1364 2034 1505 2084 Agora-

179 2124 260 2156 tum
289 2115 528 2155 condemnari
556 2121 745 2165 oportere,
774 2109 827 2150 ὃ’τι
856 2109 1017 2158 προσήκει
1044 2105 1221 2145 τάναντία
1251 2104 1319 2153 (sic
1342 2102 1508 2141 Hei-wer-

181 2187 300 2226 denus
329 2199 397 2237 pro
425 2185 583 2233 ἐναντία)
613 2187 685 2225 τοῖς
712 2181 901 2230 τριάκοντα
923 2175 1164 2226 ψηφίζεσθαι,
1198 2174 1250 2212 sio
1271 2172 1413 2223 pergit:
1445 2171 1506 2210 ἐὰν

179 2256 236 2297 οὖν
269 2256 446 2296 τάναντία
481 2257 554 2297 τοῖς
590 2256 778 2301 τριάκοντα
814 2247 1016 2298 ψηφίζησθε
1026 2275 1038 2293 ,
1076 2247 1208 2292 πρῶτον
1235 2242 1300 2288 μὲν
1328 2242 1397 2289 οὐχ
1427 2240 1508 2285 ὁμό-

181 2333 297 2376 ψηφοι
335 2326 523 2372 γίγνεσθε,
563 2323 690 2361 ἔπειτα
726 2325 798 2362 τοῖς
828 2317 1002 2365 ὑμετέροις
1031 2316 1147 2354 αὐτῶν
1174 2313 1293 2362 φίλοις
1320 2325 1509 2358 τετιμωρη-

182 2397 282 2440 κότες
322 2395 462 2444 ἔσεσθε,
506 2393 634 2433 ἔπειτα
673 2395 745 2434 τοῖς
790 2391 899 2427 πᾶσιν
942 2386 1127 2435 ἀνθρώποις
1157 2380 1276 2426 δόξετε
1304 2380 1425 2419 δίκαια
1447 2379 1512 2419 ’καὶ

184 2466 265 2508 ὅσια
291 2466 537 2516 ψηφίσασθαι.
