1701 2839
718 109 858 137 ona-‘no
868 118 872 120 >
884 108 963 136 xlx.
1447 98 1498 134 41

237 215 427 256 Numerus
453 219 627 264 navium,
648 230 755 268 *quas
782 217 1030 255 Athenienses
1059 216 1191 266 legatis
1219 214 1409 265 Evagorae
1440 214 1504 252 de-

182 285 339 335 derunt,
378 292 493 325 notus
529 291 588 326 est
613 300 658 325 ex
683 286 705 338 ξ
734 287 808 333 43,
838 286 904 326 ubi
932 285 1024 325 dicit
1052 289 1195 324 orator:
1226 284 1285 323 καὶ
1315 282 1408 323 ἔδοτε
1439 285 1503 323 αὐ-

181 359 254 397 τοῖς
275 355 345 397 τὰς
366 355 452 394 δέκα
474 358 581 400 ναῦς,
606 354 735 393 addito
758 355 937 400 articulo,
961 350 1073 405 quem
1088 366 1162 391 non
1177 353 1403 398 addidisset,
1429 353 1503 390 nisi

182 422 256 462 iam
293 428 379 462 ante
415 437 611 463 numerum
650 423 862 463 indicasset.
918 422 1105 474 Suspicor
1131 422 1259 473 itaque
1287 421 1324 460 h.
1354 421 1381 460 1.
1416 420 1504 460 δέκα

183 497 268 542 post
294 492 332 530 δέ
360 492 574 538 excidisse,
590 492 693 554 quod
722 492 840 541 magis
850 493 980 529 etiam
1008 488 1222 541 probabile
1215 491 1313 544 fiet,
1340 491 1369 528 si
1385 487 1502 527 consi·

183 558 453 625 duraverimus,
492 548 675 599 oratorem
711 559 752 598 id
785 572 914 610 agere,
938 566 982 597 ut
1009 558 1182 598 ostendat
1211 549 1502 609 Aristophanem

175 641 357 684 ‘magnam
385 629 562 679 pecuniae
590 629 665 667 vim
694 626 941 680 impendisse,
969 627 1096 679 itaque
1124 626 1221 666 male
1250 627 1305 673 ei,
1325 627 1387 665 cui
1410 627 1506 666 hanc

183 697 388 737 orationem
416 697 583 749 scripsit,
605 697 874 743 consulturum
900 696 1038 743 fuisse,
1068 697 1099 735 si
1127 709 1321 736 numerum
1350 696 1503 735 navium

184 766 387 812 omisisset,
412 768 459 810 εἶς
483 764 547 811 ἃς,
572 773 617 804 ut
637 779 722 806 mox
742 765 868 812 addit,
888 765 1003 816 legati
1016 763 1156 804 πολλῶν
1168 764 1367 813 χρημάτων
1381 779 1504 812 προσε-

180 834 367 882 δεήθησαν,
401 834 509 874 cuius
538 835 717 887 pecuniae
743 835 794 875 τὰ
821 839 981 874 πλεῖστα
994 835 1102 878 αὐτὸς
1117 834 1376 883 Ἀριστοφάνης
1391 833 1496 883 παρέ-

179 918 282 952 σχεν.
341 903 516 954 Maguam
554 904 654 943 enim
691 909 833 955 partem
871 918 893 942 a
925 917 1080 942 numero
1109 904 1261 942 navium
1290 903 1498 954 pendebat,

179 977 321 1025 quanta
348 972 505 1025 pecunia
532 972 579 1012 ab
608 972 858 1025 Aristophane
888 977 1038 1025 erogata
1065 976 1172 1011 esset.
1223 970 1267 1011 In
1295 971 1370 1010 fine
1386 970 1506 1010 huius

180 1043 202 1092 ξ
229 1041 302 1079 alio
330 1041 442 1080 modo
470 1041 612 1080 librarii
639 1042 797 1091 grassati
826 1041 1000 1078 videntur
1008 1056 1020 1086 ς
1045 1040 1379 1090 pessumdederunt
1404 1041 1502 1078 enim

184 1107 318 1161 Lysiae
347 1109 455 1150 verba
483 1109 679 1149 inserendo
706 1109 799 1159 γάρ,
829 1122 904 1161 qua
931 1108 1116 1161 particula
1143 1108 1266 1148 deleta
1293 1116 1331 1147 et
1359 1113 1502 1147 mutata

182 1179 483 1230 interpunctione
520 1178 602 1217 loco
639 1179 764 1217 statim
792 1192 881 1217 suus
910 1179 1010 1217 nitor
1036 1178 1205 1217 redditus
1234 1179 1315 1216 erit.
1372 1177 1503 1228 Lysias

183 1247 303 1294 enim,
345 1247 498 1298 opinor,
537 1247 752 1299 scripserat:
792 1250 931 1286 πολλῶν
965 1247 1001 1286 δὲ
1037 1246 1310 1295 προσεδεήθησαν
1338 1247 1377 1285 οὐ
1404 1246 1507 1292 μόνον

182 1316 230 1359 εἰς
270 1315 339 1363 τὰς
381 1319 489 1361 ναῦς,
532 1316 635 1355 ἄλλα
676 1317 737 1355 καὶ
778 1316 991 1359 πελταστὰς
1034 1315 1269 1359 ἐμισθώσαντο
1312 1315 1372 1354 καὶ
1407 1313 1508 1354 ὅπλα

182 1385 355 1433 ἐπρίαντο.
413 1384 544 1423 Rarior
570 1385 797 1423 constructio
826 1384 955 1423 scribis
984 1384 1106 1423 fraudi
1133 1384 1218 1422 fuit.
1267 1382 1355 1422 Nou
1377 1384 1499 1422 minus

182 1454 342 1505 turpiter
367 1453 590 1504 interpolata
618 1460 674 1492 est
700 1455 721 1505 ξ
748 1467 919 1504 sequens.
964 1453 1119 1492 Editur:
1156 1458 1214 1501 Τῇ
1228 1453 1264 1492 δὲ
1279 1452 1505 1503 προτεραῖαῆ

183 1520 206 1571 ᾗ
240 1523 414 1569 ἀνήγετο,
453 1521 612 1561 εἰσελθὼν
645 1523 691 1565 ὧς
726 1522 786 1561 τὸν
814 1521 954 1570 πατέρα
980 1524 1040 1561 τὸν
1068 1522 1151 1567 ἐμὸν
1179 1521 1341 1561 ἐκέλευσε
1367 1526 1503 1569 χρῆσαι

184 1589 206 1630 δ’
228 1605 263 1630 τι
291 1590 343 1636 εἵη
371 1591 551 1640 ἀργύριον·
586 1592 742 1640 προσδεῖν
770 1592 844 1639 γὰρ
873 1591 942 1641 ἔφη
973 1591 1055 1639 πρὸς
1083 1591 1140 1630 τὸν
1169 1591 1289 1638 μισθὸν
1316 1595 1389 1634 τοῖς
1418 1600 1507 1630 πελ-

183 1664 351 1704 τασταῖς.
407 1660 544 1699 Saltem
589 1659 787 1699 dicendum
824 1660 948 1699 fuerat
983 1661 1031 1703 εἰς
1069 1660 1129 1699 τὸν
1165 1661 1296 1706 μισθόν.
1354 1660 1405 1698 At
1431 1673 1507 1698 non

186 1728 275 1767 haec
315 1728 425 1767 verba
457 1728 592 1780 Lysiae
620 1734 732 1776 sunt,
762 1728 827 1768 sed
855 1728 1152 1780 interpolatoris,
1182 1729 1248 1780 qui
1275 1741 1351 1767 non
1379 1741 1508 1767 conco·

192 1797 331 1849 quebat
363 1798 521 1845 προσδεῖν
548 1802 621 1841 τοῖς
654 1798 901 1845 πελτάσταις,
932 1798 1118 1845 Atticam,
1148 1798 1180 1836 si
1208 1811 1282 1848 qua
1310 1797 1403 1844 alia,
1433 1811 1510 1836 ver-

185 1865 318 1906 borum
345 1871 592 1915 structuram,
614 1871 710 1906 teste
728 1866 809 1919 ipso
828 1866 940 1919 Lysia
958 1867 996 1906 in
1016 1867 1084 1906 hac
1103 1867 1184 1919 ipsa
1203 1866 1380 1906 Oratione
1398 1867 1506 1919 §262

181 1932 277 1983 ὤμνυ
308 1936 369 1975 καὶ
398 1937 696 1984 προσδεδανεῖσθαι
724 1941 796 1979 τοῖς
823 1936 928 1982 ξένοις
956 1937 1116 1975 duabsu,

234 2005 255 2056 §
283 2006 346 2043 26.
402 2004 661 2054 Ἀριστοφάνης
699 2005 812 2044 τοίνυν
850 2005 984 2052 ἀκούων
1012 2005 1077 2052 μὲν
1104 2008 1227 2044 ταῦτα
1256 2005 1403 2051 Δήμου,
1434 2004 1504 2043 δεο·

184 2073 289 2120 μένου
327 2073 356 2112 δ’
387 2073 495 2123 ἐμοῦ,
529 2072 671 2120 μέλλων
698 2072 726 2111 δ’
755 2072 851 2118 ἄξειν
879 2072 920 2112 τὸ
947 2072 1112 2123 χρυσίον,
1141 2072 1318 2121 τέτταρας
1346 2072 1383 2111 δὲ
1410 2069 1505 2119 μνᾶς

184 2141 283 2182 τόκον
317 2142 495 2190 λήψεσθαι
505 2156 523 2189 ,’
554 2143 615 2181 οὐκ
643 2140 713 2191 ἔφη
743 2139 850 2189 εἶναι,
878 2141 966 2181 ἀλλ’
994 2142 1089 2189 ὤμνυ
1116 2142 1177 2180 καὶ
1206 2142 1506 2191 προσδεδανεῖσθαι

183 2214 255 2253 τοῖς
292 2209 398 2256 ξένοις
437 2209 608 2255 ἄλλοθεν,
637 2210 755 2254 ἐπειδὴ
783 2209 910 2255 mm*
925 2210 970 2249 ἂν
997 2211 1180 2257 ἀνθρώπων
1206 2209 1311 2257 ἄγειν
1337 2226 1380 2249 τε
1407 2212 1506 2254 εὐθὺς
1551 2226 1559 2232 ·

186 2280 292 2319 ἐκεῖνο
319 2278 360 2319 τὸ
389 2279 571 2328 σύμβολον
599 2278 659 2318 καὶ
687 2278 909 2328 χαρίσασθαι
940 2280 1024 2326 ἡμῖν
1051 2277 1078 2318 ἃ
1105 2279 1283 2327 ἐδεόμεθα.

242 2348 362 2387 Miror
389 2347 548 2389 editores
577 2348 678 2388 hunc
704 2347 828 2387 locum
847 2353 1064 2400 corruptum
1085 2348 1240 2388 silentio>
1255 2348 1507 2400 praeteriisse,

189 2417 352 2471 exceptis
391 2417 564 2458 Bekkero
596 2422 634 2458 et
661 2418 859 2467 Dobsono,
898 2418 966 2471 qui
993 2418 1114 2458 secuti
1140 2422 1382 2458 correctorem
1410 2417 1509 2457 codi-

1340 2491 1361 2524 6
