1701 2839
178 122 203 157 4
736 131 878 158 omno
905 131 934 157 1.

181 240 381 280 oblocutus
402 245 458 280 est
477 241 524 280 cl.
549 240 804 287 Franckenus‚
831 240 1061 279 contendens
1081 241 1127 279 iis
1152 240 1300 280 omissis
1319 254 1395 280 non
1414 242 1504 280 satis

182 324 261 348 esse
290 324 442 349 caussae
470 324 538 349 cur
564 310 723 348 feminae
742 296 899 361 reliquis
919 310 1163 360 excipiantur.
1201 309 1362 348 Videtur
1371 316 1505 355 autem

184 394 258 419 non
289 380 491 419 attendisse
523 380 563 419 in
604 379 791 431 prioribus
818 379 961 426 verbis,
991 392 1086 431 quae
1114 383 1239 435 orator
1266 392 1311 417 ex
1338 378 1419 431 lege
1448 392 1507 418 ex-

183 450 341 499 cerpsit,
371 462 579 487 sermonem
606 462 686 487 esse
714 449 761 486 de
787 449 855 494 iis,
877 449 944 498 qui
969 460 1089 486 mares
1117 449 1154 486 vi
1174 449 1445 504 stupraverint,
1465 449 1504 487 in

164 508 451 568 'posterioribus
479 516 526 555 de
553 516 622 562 iis,
653 516 719 567 qui
746 516 967 555 mulieribus
997 516 1132 554 vitium
1163 515 1379 563 intulerint,
1408 517 1506 555 inter

180 599 274 634 quos
316 585 530 623 distinxisse
570 590 753 623 oratorem
795 598 872 623 non
912 589 970 623 est
1010 584 1112 635 quod
1145 584 1334 624 miremur.
1378 584 1505 623 Verba

179 666 200 691 a
237 666 296 691 me
334 656 463 692 notata
498 657 691 703 nequeunt
729 652 847 704 petita
883 666 963 691 esse
1000 666 1046 692 ex
1082 652 1164 704 lege
1202 652 1309 704 βίας,
1349 656 1395 691 ut
1425 652 1506 705 ipse

178 722 417 760 Franckenus
446 722 639 768 concedit3
667 735 789 772 neque
817 722 936 773 magis
962 722 1121 773 Lysiae,
1142 726 1186 760 ut
1205 723 1261 762 vir
1280 722 1504 768 clarissimus

176 794 303 842 putat,
334 803 413 828 esse
442 794 621 841 possunt,
652 803 738 828 nam
767 794 893 828 orator
920 790 1040 841 qualis
1068 790 1224 841 Lysias,
1252 790 1321 841 qui
1337 790 1505 831 claritate

176 860 291 904 nitet,
321 864 399 897 tam
426 859 595 897 obscuris
624 859 744 897 verbis
772 872 849 897 non
875 859 1009 897 fuisset
1036 873 1129 897 usus
1139 888 1152 905 ,
1181 859 1214 897 si
1240 860 1422 899 voluisset
1444 875 1505 899 ex-

183 926 348 978 plicandi
385 926 506 978 gratia
532 926 631 965 inter
657 926 751 978 legis
779 926 891 966 verba
920 926 1090 965 indicare
1118 926 1368 978 legislatorem
1396 928 1507 980 signi-

178 997 287 1034 ficare
323 995 469 1034 easdem
496 996 663 1047 feminae
693 997 897 1047 quibuscum
936 997 976 1034 in
1013 997 1191 1035 adulterio
1227 998 1434 1047 deprehensa·
1457 1012 1508 1037 ee-

178 1066 328 1104 cundum
370 1064 519 1102 alteram
556 1064 663 1113 Iaeqem
696 1064 840 1113 impune
866 1064 1020 1114 interfici
1038 1069 1197 1115 possent.
1244 1064 1358 1113 Quod
1388 1066 1422 1105 si
1450 1066 1508 1105 vel

179 1133 339 1171 maxime
367 1132 459 1171 haec
487 1133 612 1171 omnia
640 1125 803 1183 quatuor
821 1132 897 1171 illis
918 1133 1038 1172 verbis
1056 1134 1239 1180 inessent,
1269 1134 1370 1184 quod
1390 1148 1504 1186 nego,

178 1215 226 1241 ne
266 1201 319 1240 sic
356 1200 507 1252 quidem
542 1200 763 1240 crediderim
789 1200 940 1253 Lysiam
969 1215 1012 1241 ea
1040 1201 1248 1241 addidisse:
1279 1202 1358 1242 sine
1387 1216 1508 1243 neces-

184 1273 293 1309 sitate
331 1272 431 1309 enim
469 1271 587 1321 legem
627 1271 872 1321 corrupisset5
907 1285 991 1309 cum
1022 1272 1119 1309 enim
1148 1272 1239 1309 haec
1267 1273 1509 1311 constitueret

184 1353 341 1391 poenam
371 1339 502 1378 contr'a
526 1352 611 1386 coe,
642 1339 707 1390 qui
735 1338 956 1378 mulieribus
984 1339 1022 1378 in
1046 1353 1173 1389 genere
1200 1339 1274 1379 vim
1302 1339 1506 1388 inferrent,

183 1408 316 1459 Lysias
344 1422 410 1459 per
438 1407 725 1458 explicationem
754 1408 827 1459 legi
858 1408 1101 1455 obtrusisset,
1122 1413 1166 1447 ut
1184 1413 1333 1447 tantum
1351 1423 1508 1460 poenam

182 1476 341 1515 sanciret
380 1480 510 1515 contra
546 1490 630 1523 eos,
670 1477 736 1527 qui
764 1480 846 1519 ταῖς
884 1481 1070 1524 γαμεταῖς
1110 1481 1147 1515 et
1178 1482 1261 1521 ταῖς
1295 1482 1508 1522 παλλακαῖς

185 1545 261 1582 vim
289 1545 519 1583 intulissent.
771 1591 776 1596 ⁵

235 1613 256 1665 ξ
283 1614 334 1652 41
368 1612 435 1663 (†).
493 1612 541 1651 In
580 1611 707 1651 codice
744 1612 924 1664 legimus:
965 1612 1113 1659 ἔπειτα,
1146 1610 1173 1652 ὦ
1209 1611 1348 1663 ἄνδρες,
1376 1614 1437 1654 οὐκ
1464 1613 1509 1654 ἂν

185 1682 269 1720 δοκῶ
298 1682 380 1728 ὑμῖν
408 1686 480 1724 τοῖς
501 1681 704 1727 ἐπιτηδείοις
729 1682 806 1728 μεθ’
830 1681 963 1730 ἡμέραν
986 1686 1238 1730 παραγγεῖλαι
1260 1683 1322 1722 καὶ
1341 1687 1508 1723 κελεῦσαι

184 1751 313 1794 αὐτοὺς
342 1755 564 1798 συλλεγῆναι
592 1751 640 1794 εἷς
670 1751 779 1790 οἰκίαν
807 1753 874 1790 τῶν
901 1751 1017 1800 Φίλων
1040 1754 1108 1791 τῶν
1132 1751 1345 1799 ἐγγυτάτω

238 1820 332 1858 Dele
373 1820 549 1870 putidum
593 1819 775 1858 emblema
811 1820 921 1859 οἰκίαν
964 1824 1002 1858 et
1042 1820 1124 1870 lege
1163 1833 1250 1859 cum
1283 1820 1424 1860 Cobeto
1451 1836 1513 1861 του

185 1901 252 1939 pro
281 1887 398 1927 altero
427 1890 516 1939 τῶν,
547 1891 592 1926 ut
619 1886 751 1940 Lysias
781 1888 971 1940 scripserit
998 1889 1048 1932 εἷς
1075 1891 1145 1927 τῶν
1170 1889 1286 1939 φίλων
1313 1903 1375 1928 του
1402 1890 1512 1938 ἐγγυ-

181 1957 294 1996 τάτω.
1072 1954 1075 1955 ’

238 2024 384 2065 Ibidem
414 2025 486 2078 (†).
541 2024 602 2065 καὶ
643 2026 687 2069 ὡς
717 2025 895 2075 Ἁρμόδιον
922 2026 989 2073 μὲν
1015 2011 1163 2066 καὶιτὸν
1190 2025 1287 2066 δεῖνα
1319 2024 1418 2072 ἦλθον
1450 2028 1512 2067 οὐκ

186 2095 444 2141 ἐπιδημοῦντας
473 2096 524 2146 (οὗ
552 2095 625 2144 γὰρ
655 2095 781 2147 ᾔδειν),
821 2095 953 2143 ἑτέρους
981 2095 1017 2134 δὲ
1044 2097 1105 2135 οὐκ
1128 2095 1218 2135 ἔνδον
1240 2096 1343 2141 ὄντας
1356 2096 1512 2136 κατέλα-

185 2164 270 2212 βον,
300 2162 357 2207 οὓς
386 2163 414 2203 δ’
428 2161 494 2208 οἷός
521 2179 563 2203 τε
594 2162 634 2210 ἦν
660 2164 786 2211 λαβὼν
814 2163 986 2213 ἐβάδιζον.

239 2233 333 2272 Dele
365 2233 467 2276 ὄντας
498 2234 600 2284 quod
630 2234 834 2272 orationem
871 2234 1054 2272 soloecam
1074 2234 1198 2272 reddit
1217 2233 1394 2284 quodque
1412 2239 1512 2273 recte

184 2301 373 2340 omittitur
404 2302 445 2340 in
473 2303 494 2353 ᾧ
518 2304 581 2340 23.

237 2371 258 2421 ᾧ
286 2371 338 2408 46
370 2371 440 2422 (†).
497 2371 534 2409 τί
572 2370 617 2410 ἂν
649 2369 706 2410 οὖν
734 2371 948 2419 βουλόμενος
976 2372 1047 2417 ἐγὼ
1074 2375 1227 2410 τοιοῦτον
1253 2370 1401 2410 κίνδυνον
1428 2372 1512 2410 ἐκιν-

182 2439 341 2490 δύνευον,
380 2439 409 2478 εἰ
442 2440 493 2487 μὴ
532 2439 572 2478 τὸ
605 2439 776 2486 μέγιστον
804 2443 871 2479 τῶν
899 2440 1127 2488 ἀδικημάτων
1153 2436 1194 2486 ἦν
1221 2440 1281 2479 ὑπ’
1309 2441 1419 2480 αὐτοῦ
1447 2440 1513 2486 ἠδι-
