1701 2839
717 157 857 193 omno
884 155 960 192 ιη’.
1440 144 1489 183 87

285 275 346 314 οὐκ
372 275 638 324 ε’σωφρόνησας,
667 274 692 314 ὦ
705 298 707 300 -
720 275 930 324 πρεσβῦτα,
960 274 1024 319 τὴν
1052 272 1280 312 κατάστασιν

284 343 386 388 τήνδε
405 343 610 390 ’λαμβάνων
637 342 740 393 ἄφνω
768 342 846 392 πρὶν
872 342 933 382 καὶ
961 341 1085 389 μαθεῖν
1113 341 1177 386 τὴν
1204 337 1363 384 ἱππικήν.

180 409 301 449 Locus
335 417 467 455 ⁴exstat
510 412 549 451 in
594 426 682 451 voce
722 411 947 463 κατάστασις
990 409 1090 460 apud
1135 407 1489 459 Harpocrationem,

180 477 247 528 qui
274 482 311 516 et
339 479 418 530 ipse
445 479 634 531 explicans
663 479 755 531 quid
781 479 987 531 significet,
1018 477 1141 516 utitur
1170 475 1288 514 verbis
1307 473 1467 523 ἀργύριον
1479 503 1493 523 „

179 545 262 595 ὅπερ
287 548 317 586 οἱ
345 549 632 592 κατασταθέντες
659 550 781 591 ἱππεῖς
809 547 1070 593 ἐλάμβανον
1097 548 1140 585 ἐκ
1166 549 1228 583 τοῦ
1242 545 1405 590 δημοσίω
1418 543 1492 581 κτὲ.

180 612 358 653 Eiusdem
395 616 570 663 fortasse,
609 616 673 667 qui
710 616 811 654 hunc
849 627 1014 666 pannum
1052 613 1186 664 Lysiae
1224 612 1341 650 assuit
1355 641 1365 657 ,
1405 614 1495 649 sunt-

180 682 312 731 νει-δῦ,
351 697 446 734 quae
482 685 522 723 in
560 684 693 724 vicinia
728 683 927 735 leguntur:
966 684 1005 722 ἐκ
1031 683 1097 729 μὲν
1123 683 1195 729 γὰρ
1223 681 1355 720 τούτων
1383 678 1495 729 ῥᾴδιον

181 749 220 796 ἦν
247 750 497 799 ἐξαλειφθῆναι
524 752 573 801 τῷ
599 752 819 802 βουλομένῳ,
848 751 883 791 ἐν
911 751 1046 794 ἐκείνοις
1073 751 1109 789 δὲ
1135 750 1215 791 τοὺς
1242 748 1492 791 ἱππεύσαντας

181 822 377 868 αναγκαῖον
403 817 443 867 ἦν
470 822 536 861 ὑπὸ
563 826 631 862 τῶν
659 820 858 871 Φυλαρχων
884 822 1145 874 ἀπενεχθῆναι,
1175 833 1269 872 quae
1296 818 1372 858 fere
1406 821 1496 857 sunt

178 890 340 940 'repetita
376 903 420 928 ex
457 890 522 937 iis,
562 901 656 941 quae
693 890 803 929 modo
841 894 1133 941 praecesserunt.
1191 887 1340 926 Bonum
1370 891 1495 925 autem

179 948 345 1007 factum,
384 959 484 1011 quod
513 965 780 999 commentator
807 973 846 998 se
874 960 952 1010 ipse
983 958 1148 1010 prodidit
1176 956 1385 996 stoliditate
1412 968 1494 994 sua.

184 1027 279 1066 Oum
318 1029 414 1066 enim
452 1033 629 1067 annotare
667 1025 857 1069 debuisset
893 1027 1001 1066 facile
1036 1027 1115 1066 fleri
1144 1027 1331 1077 potuisse,
1360 1029 1405 1064 ut
1433 1038 1497 1063 no-

184 1108 268 1134 men
315 1097 416 1143 eius,
466 1095 531 1148 qui
577 1108 687 1147 eques
732 1109 807 1136 non
852 1097 1001 1143 fuisset,
1048 1096 1118 1135 sub
1166 1093 1279 1133 XXX
1322 1094 1408 1132 viris
1455 1094 1495 1132 in

184 1164 330 1204 σανίδιον
366 1164 462 1204 ἰΠιιᾶ
499 1163 706 1217 inferretur,
746 1165 847 1216 quod
884 1176 970 1203 reus
998 1163 1070 1203 sibi
1098 1162 1275 1202 accidisse
1303 1162 1495 1213 perhibet,

184 1232 320 1272 sciolus
348 1232 412 1273 ille
439 1232 579 1281 ἄκαιρος
613 1231 757 1281 scribit,
788 1225 924 1284 eqhitis
953 1245 1088 1283 nomen
1116 1231 1223 1271 facile
1251 1230 1405 1282 expunqi
1433 1244 1496 1283 po-

184 1303 319 1348 tuisse,
351 1301 473 1352 quod,
503 1302 671 1353 quamvis
698 1315 847 1348 verum,
877 1301 939 1340 hic
967 1301 1063 1340 nihil
1090 1300 1137 1339 ad
1156 1314 1233 1339 rem
1252 1300 1354 1338 facit.
1384 1299 1497 1338 Recte

185 1376 313 1409 contra
340 1372 420 1422 ipse
448 1369 579 1422 Lysias
606 1373 647 1411 in
666 1372 939 1423 superioribus,
961 1371 1029 1409 ubi
1047 1371 1277 1408 demonstrat
1296 1370 1335 1407 in
1349 1383 1494 1418 ymera,

185 1451 296 1488 quam
325 1452 455 1489 parum
484 1439 571 1478 fidei
590 1445 773 1478 mereatur
791 1437 921 1479 tabula
939 1440 1005 1477 illa
1024 1439 1215 1490 equitum,
1237 1438 1328 1476 dicit
1342 1438 1497 1480 πολλοὺς

184 1510 250 1546 τῶν
287 1504 545 1554 ὁμολογούντων
581 1507 742 1549 ἱππεύειν
778 1509 840 1548 οὐκ
878 1510 1021 1559 ἐνεῖναι,
1061 1508 1166 1552 ε’νίους
1203 1507 1239 1546 δὲ
1272 1510 1340 1546 τῶν
1367 1506 1499 1553 ἀποδη-

183 1577 339 1624 μούντων
365 1576 632 1627 ἐγγεγρὶφθαι.

238 1645 259 1698 ξ
289 1646 350 1684 13.
408 1645 468 1685 ὑπ’
508 1646 740 1696 Ὀρθοβούλου
781 1647 1055 1696 κατειλεγμένος
1092 1647 1253 1687 ἱππεύειν
1288 1671 1343 1677 -
1379 1646 1498 1696 ἐτέρων

184 1714 398 1761 ἀναβάντων
435 1715 492 1754 ἐπὶ
528 1716 608 1759 τοὺς
643 1714 769 1759 ἵππους
795 1717 1040 1763 α’δοκιμάστων
1068 1718 1168 1765 παραὶ
1196 1717 1254 1756 τὸν
1283 1714 1403 1763 νόμον,
1428 1716 1499 1763 ἐγὼ

185 1783 377 1832 προσελθὼν
405 1783 474 1823 ἔτι
501 1783 569 1835 (sic
597 1784 725 1836 codex)
753 1786 803 1835 τῷ
830 1785 1049 1835 Ὀρθοβούλῳ
1076 1785 1272 1834 ἐξαλεῖψαί
1297 1800 1346 1832 με
1373 1786 1413 1824 ἐκ
1436 1788 1498 1824 τοῦ

185 1853 412 1902 καταλόγου,
442 1854 633 1900 ἡγούμενος
662 1853 807 1903 αἶσχρὸν
834 1852 921 1894 εἶναι
947 1859 1012 1894 τοῦ
1040 1856 1191 1899 πλήθους
1218 1855 1409 1901 μέλλοντος
1435 1869 1501 1893 κιν-

182 1921 329 1961 δυνεύειν
356 1920 476 1960 ἄδειαν
502 1913 646 1971 ἐμαυτῷ
673 1922 987 1971 παρασκευάσαντι
1015 1924 1278 1970 στρατεύεσθαι.

240 1990 357 2029 Miror
385 1990 568 2029 neminem
596 1989 792 2031 Editorum
811 1997 956 2042 praeter
977 1990 1262 2030 Herwerdenum
1278 1991 1497 2030 obsecutum

186 2073 265 2098 esse
302 2057 473 2098 Dobraeo
513 2060 678 2098 monenti
706 2073 781 2115 Pro.
800 2060 852 2099 ἔτι
881 2060 1151 2099 emendandum
1181 2074 1260 2099 esse
1288 2058 1404 2107 εἷπον,
1434 2060 1496 2099 sed

187 2142 314 2167 omnes
333 2128 556 2167 deteriorum
574 2128 753 2167 librorum
773 2129 1036 2168 correctionem
1055 2128 1144 2178 ἔφην
1159 2130 1361 2180 recepisse,
1382 2143 1500 2180 quum

186 2201 311 2236 tamen
335 2193 433 2236 εἶπον
461 2197 580 2235 multo
607 2196 754 2236 facilius
783 2211 895 2248 quam
924 2198 1014 2246 ἔφην
1041 2198 1078 2236 in
1109 2197 1160 2236 ἔτι
1189 2198 1290 2236 abire
1321 2199 1495 2249 potuerit.

187 2264 350 2307 Probum
380 2271 504 2305 autem
533 2272 570 2306 et
597 2265 794 2318 Lysiacum
821 2266 892 2306 hoc
920 2267 1003 2306 loco
1032 2281 1110 2307 esse
1138 2265 1232 2306 εἷπον
1258 2267 1313 2306 vel
1340 2281 1497 2318 sequeus

187 2335 440 2386 paragraphus
469 2333 598 2374 docere
626 2340 782 2387 poterat.

763 2476 921 2484 Ἠ
