1701 2839
202 163 253 199 34·
740 169 878 196 omno
907 169 985 195 xiv.

202 278 389 327 perspexit-
418 278 457 316 in
486 277 523 318 ὃν
550 281 692 326 μᾶλλον
721 277 869 317 ultimas
898 276 1041 315 litteras
1069 276 1123 315 sic
1143 275 1404 328 dispescendas
1420 292 1524 326 esse,

201 349 244 381 ut
272 345 460 395 legeretur
486 348 574 386 ἀλλ’
604 347 650 386 ὄν.
708 347 839 385 Restat
866 350 910 384 ut
937 358 1181 395 quaeramus,
1212 345 1304 396 quid
1324 346 1440 386 lateat
1450 348 1524 386 sub

198 412 334 450 litteris
362 428 451 461 ονμ,
482 429 566 453 nam
596 416 718 466 ipsum
749 418 958 454 monstrum
985 411 1021 453 ὃν
1045 416 1195 460 μᾶλλον
1206 419 1436 465 argumento
1450 420 1527 464 est,

199 481 365 520 codicem
393 483 613 533 antiquum,
644 483 743 522 unde
772 483 967 522 Palatinus
995 482 1204 534 descriptus
1233 488 1309 531 est,
1330 483 1408 522 h.1.
1425 483 1522 523 male

200 550 369 589 habitum
405 551 520 590 fuisse
555 558 592 590 et
619 557 706 591 ante
734 551 821 591 ἀλλ’
849 552 884 592 ὃν
913 553 951 590 in
982 564 1025 590 eo
1053 551 1168 590 fuisse
1196 551 1334 591 lectum
1364 548 1532 591 vocabu?

194 619 272 657 lum
311 620 438 670 paucis
477 620 612 659 litteris
651 612 849 667 constans,
888 620 989 672 quod
1029 621 1200 660 librarius
1240 620 1412 672 expedire
1446 635 1520 660 non

192 689 368 738 potuerit.
427 689 577 728 Bonum
616 696 741 728 autem
778 690 919 728 factum
954 689 1053 740 quod
1084 689 1194 728 verba
1221 688 1356 741 Lysiae
1383 695 1517 742 sponte

191 757 335 795 ducunt
363 757 410 795 ad
439 758 479 795 id
509 758 610 808 quod
638 759 875 808 quaerimus,
907 771 1038 809 nempe
1067 758 1113 796 ad
1140 758 1265 804 μέλει,
1295 758 1396 809 quod
1416 772 1518 798 nunc

191 825 396 863 sententiae
435 824 559 872 deest,
599 825 777 877 quodque
819 839 894 864 non
932 826 1039 865 facile
1078 825 1263 872 adducar,
1293 832 1337 864 ut
1364 824 1511 865 credam

183 906 258 943 ¹per
299 907 475 944 zeugma,
513 900 557 932 ut
589 894 799 945 loquuntur
831 894 1096 940 Grammatici‚
1132 908 1177 933 ex
1209 894 1410 942 μεταμέλει
1439 896 1515 946 peti

189 974 316 1013 posse;
360 976 455 1012 quae
493 963 591 1001 enim
630 963 799 1014 exempla
836 963 882 1000 ad
921 963 991 1001 hoc
1030 962 1363 1002 demonstrandum
1405 963 1520 1001 addu-

189 1036 327 1068 cuntur
350 1031 396 1069 ab
422 1031 491 1069 hoc
516 1031 598 1069 loco
624 1031 745 1070 aliena
768 1038 869 1069 sunt.
909 1030 1078 1069 Fortasse
1096 1031 1213 1082 igitur
1229 1031 1320 1070 olim
1336 1031 1517 1082 scriptum

188 1099 328 1137 fuerat:
363 1100 443 1138 οὔτε
466 1103 535 1138 τῶν
561 1101 822 1146 πεπραγμένων
846 1101 943 1147 αὐτῷ
969 1100 1193 1146 μεταμέλει,
1223 1100 1304 1140 οὔτε
1333 1104 1401 1138 τῶν
1428 1109 1517 1145 μελ-

185 1167 314 1206 λόντων
346 1167 485 1207 ἔσεσθαι
512 1170 627 1215 μέλει.
685 1167 861 1207 Eiusdem
890 1169 1035 1219 generis
1064 1168 1274 1219 corruptela
1299 1167 1510 1219 inquinavit

186 1235 250 1273 Or.
282 1236 414 1282 XXX,
443 1238 463 1287 ᾧ
496 1239 542 1274 12
572 1242 610 1275 et
637 1237 792 1275 fortasse
822 1236 888 1275 Or.
918 1236 1094 1282 XXXII,
1124 1238 1144 1287 ᾗ
1174 1238 1209 1274 6.

240 1306 260 1355 ᾧ
288 1306 353 1342 46.
411 1305 507 1350 Ἐγὼ
544 1305 609 1350 μὲν
641 1303 696 1344 οὗν
725 1306 770 1348 ὡς
795 1305 967 1351 ἐδυνάμην
995 1303 1125 1352 ἄριστα
1151 1303 1403 1352 κατηγόρηκα,
1433 1304 1509 1344 ἐπί-

185 1387 327 1417 στωμαι
365 1373 393 1410 δ’
433 1371 485 1411 ἔτι
512 1374 542 1410 οἱ
570 1374 636 1419 μὲν
664 1372 769 1411 ἄλλοι
797 1377 864 1411 τῶν
892 1373 1114 1419 ἀκροωμένων
1142 1372 1398 1420 θαυμάζουσιν,
1414 1372 1507 1415 ὅπως

189 1440 266 1478 ποθ’
304 1439 410 1482 οὕτως
447 1440 600 1487 ἀκριβῶς
638 1441 795 1485 ἐδυνήθην
823 1439 970 1488 ἐξευρεῖν
997 1440 1047 1479 τὰ
1074 1441 1205 1479 τούτων
1234 1440 1509 1488 ἁμαρτήματα,

188 1506 286 1550 οὗτος
323 1509 358 1546 δὲ
394 1523 462 1553 μου
500 1512 719 1559 καταγελᾷ,
754 1508 805 1546 ἔτι
835 1508 909 1546 οὐδὲ
937 1509 1131 1546 πολλοστὸν
1166 1508 1266 1556 μέρος
1296 1507 1417 1554 εἴρηκα
1445 1511 1512 1546 τῶν

186 1575 320 1619 τούτοις
351 1576 582 1624 ὑπαρχόντων
611 1580 739 1615 κακῶν.

243 1644 385 1683 Iniuria
415 1644 585 1683 Edit-ores
615 1645 770 1683 eiiciuut
798 1645 860 1695 τό,
892 1644 992 1695 quod
1021 1644 1146 1683 Codex
1177 1644 1289 1683 habet
1317 1650 1402 1683 ante
1426 1654 1511 1683 πολ·

185 1713 332 1760 λοστ-όν,
362 1726 438 1750 non
468 1711 565 1750 enim
597 1718 675 1750 erat
704 1713 950 1758 efficiendum,
981 1713 1045 1751 sed
1075 1712 1348 1750 emendandum
1377 1713 1417 1750 in
1436 1727 1503 1750 πω.

185 1781 246 1819 Ita
288 1787 413 1819 autem
456 1780 607 1832 Lysiam
646 1781 837 1831 scripsisse
874 1780 983 1819 fidem
1023 1781 1133 1819 saciet
1168 1780 1438 1831 Aristophanes
1466 1781 1506 1819 in

184 1850 392 1900 Lysistrata
433 1863 484 1887 vs.
528 1851 629 1895 355,
673 1849 740 1887 ubi
782 1849 916 1887 chorus
960 1849 1157 1887 mulierum
1191 1849 1346 1901 chorum
1375 1862 1506 1887 senum

184 1918 350 1968 increpat
380 1918 437 1956 his
467 1918 610 1957 verbis:

270 1987 340 2042 ’Tc'
366 1987 535 2032 βδύλλεθ’
564 1989 682 2032 ἧμᾶἑςς
710 1987 752 2025 οὔ
778 1987 817 2024 τί
851 2001 918 2024 που
947 1986 1081 2024 πολλα)
1106 1986 1271 2032 δοκοῦμεν
1299 1983 1405 2031 εἷναις

290 2054 350 2093 καὶ
379 2055 450 2101 μὴν
477 2055 579 2103 μέρος
607 2054 745 2101 γ’ἡμῶν
772 2054 868 2102 ὁρᾶτ’
897 2054 992 2095 οὔπω
1020 2054 1060 2094 τὸ
1089 2054 1289 2108 μυριοστόν,

181 2123 228 2161 ad
263 2123 363 2172 quod
393 2123 603 2173 exemplum
634 2124 794 2161 editores
823 2116 990 2161 certatim
1021 2123 1311 2160 emendaverunt
1340 2123 1505 2160 eiusdem

180 2192 322 2230 Comici
362 2205 507 2230 versum
551 2194 626 2230 555
657 2191 1146 2242 Thesmophoriazusarum‚
1177 2190 1242 2229 ubi
1272 2204 1390 2241 quum
1419 2190 1503 2230 libri

179 2260 259 2297 sine
288 2264 407 2297 metro
437 2260 658 2310 praebeant:

287 2329 343 2374 μοὶ
372 2328 438 2367 Δί’
466 2328 541 2367 οὐδὲ
569 2329 631 2372 τὴν
660 2329 845 2374 μυριοστὴν
872 2332 995 2376 μοῖραν
1023 2325 1067 2366 ὧν
1095 2329 1279 2376 ποιοῦμεν,

176 2410 278 2435 nunc
306 2403 405 2435 recte
434 2397 572 2447 legitur
599 2397 743 2436 οὐδέπω.
