1701 2839
184 225 383 270 ceperunt,
408 220 663 259 Franckenius
682 218 848 258 restituit
864 216 1067 270 dvrdxovr’
1086 219 1122 254 et
1142 203 1300 253 alterum
1319 213 1402 253 τότε
1437 226 1504 251 oco

182 287 294 326 cessit
314 288 472 327 articulo
497 288 540 327 τό
561 280 743 329 suadente
766 285 1050 335 Reiskio',.nam
1066 283 1167 335 quod
1184 282 1248 320 alii
1263 282 1503 320 coniecerunt

181 355 440 403 reive-minus
462 357 630 409 >probum
647 356 813 405 videtur,
835 367 953 406 quum
973 365 1088 401 nemo*
1100 351 1209 391 facile
1228 350 1363 390 dixerit
1375 380 1386 396 ,
1407 348 1499 401 quid

182 425 228 470 γέ
256 424 293 463 h.
323 425 349 464 l.
379 421 451 464 sibi
479 425 581 464 velit.
641 425 812 475 Denique
841 436 891 461 ex
914 418 1194 475 verbis‘laceris
1223 419 1507 466 τοτεκοιιδιισχυ-

181 492 345 541 ριζοιοενοι
374 494 496 532 *elicui
532 495 581 542 τῷ
619 494 654 532 δὲ
682 492 802 540 δικαίῳ
833 480 1113 540 ἰσχυριζόριενοὶ”,,4
1139 488 1240 542 quod
1269 500 1369 526 nunc
1398 486 1505 528 video

182 561 293 599 etiam
322 561 576 612 Frohbergero
605 562 647 599 in-
672 565 835 599 mentem
864 550 1027 605 venisse,
1057 558 1129 609 qui*
1144 564 1267 604 tamen
1287 556 1383 595 male
1398 555 1509 593 omit-

183 628 233 668 tit
259 629 296 669 δέ
324 634 361 669 et
388 629 513 669 locum
542 629 649 668 aliter
677 628 837 680 explicat
865 634 981 680 *atque
1005 641 1032 665 a
1059 640 1126 666 me·
1146 626 1285 664 factum
1315 630 1384 663 est.
1420 624 1507 662 Dio-

135 711 137 713 ·
182 698 311 749 nysius
343 712 475 749 nempe
512 704 663 750 propter
696 703 848 744 causaS,
877 711 970 748 quas
999 696 1081 734 vide
1110 695 1209 746 apud
1239 695 1503 734 Rauchenstei-

182 767 286 806 nium
336 768 375 807 in
425 768 654 820 praefatione
696 767 784 806 huic
826 766 987 805 orationi
1030 766 1251 817 praemissa,
1295 764 1507 803 decreverat

183 836 389 885 Agoratum
427 842 471 874 ut
509 836 735 874 homicidam
772 835 1010 874 manifestum
1047 834 1208 881 ἁπάγειν
1242 833 1288 871 ad
1317 833 1508 872 undecim·

182 903 301 942 viros:
330 904 477 943 videtur
505 912 631 943 autem
658 905 768 944 initio
798 904 868 942 hoc
895 904 1025 942 fecisse
1055 916 1130 942 non
1160 902 1287 941 addito
1316 902 1355 940 in
1374 901 1502 949 libello

183 973 429 1020 accusatorio,
459 986 545 1013 eum
574 974 630 1012 ἐπ’*
651 973 841 1023 αὐτοφώρῳ
852 963 1133 1024 ‘deprehensum
1154 986 1250 1018 esse,
1274 981 1391 1022 quum'
1407 971 1505 1009 viros

182 1041 268 1081 illos
298 1042 391 1082 bene
415 1044 565 1082 meritos
585 1043 632 1082 de
651 1042 842 1095 republica
862 1043 1086 1093 interficeret
1098 1072 1109 1089 ,
1130 1041 1232 1093 quod
1251 1041 1505 1081 demonstrare

185 1124 272 1149 sane
306 1120 418 1163 quam
453 1112 601 1150 difficile
630 1112 746 1150 actori
773 1112 943 1150 futurum
972 1117 1071 1150 erat:
1102 1111 1203 1161 quod
1234 1123 1350 1160 quum
1380 1111 1504 1147 minus

185 1180 399 1232 procederet
419 1186 455 1219 et
475 1180 847 1234 undecimv'iricaute
866 1173 1064 1231 negassent
1083 1194 1121 1219 se
1142 1180 1321 1219 actionem
1338 1183 1505 1230 receptu-

181 1262 241 1288 ros
270 1262 369 1295 esse,
399 1249 473 1287 nisi
500 1249 595 1287 illud
624 1249 680 1288 ἐπ’
711 1250 901 1298 αὐτοφώρῳ
931 1249 1135 1287 addidisset
1161 1272 1215 1278 ——-
1243 1249 1314 1287 hoc
1338 1249 1433 1287 enim
1452 1252 1507 1286 est

179 1317 443 1367 ἀναγκάζοντες
477 1318 775 1366 προσγράψασθαι
812 1341 866 1347 —
901 1318 1143 1357 nihilominus
1173 1332 1248 1356 non
1283 1317 1427 1356 destitit
1458 1316 1504 1355 ab

179 1387 248 1426 hac
275 1387 517 1426 accusationis
545 1387 683 1433 forma,
704 1387 769 1425 sed
788 1387 934 1425 addidit
954 1387 1055 1438 quod
1079 1387 1133 1427 illi
1160 1387 1356 1425 iusserant.
1402 1385 1504 1434 Quid

179 1456 314 1496 mirum
343 1462 488 1504 autem,
519 1456 551 1495 si
579 1457 766 1508 Agoratus
795 1456 891 1496 hanc
919 1470 997 1496 rem
1018 1456 1122 1496 avide
1144 1461 1358 1508 arrepturus
1378 1459 1496 1503 esset,

180 1538 257 1563 non
294 1530 442 1564 tantum
480 1531 523 1564 ut
560 1525 700 1564 diceret
727 1526 774 1564 ad
812 1539 851 1564 se
884 1539 962 1564 non
991 1527 1174 1577 pertinere
1203 1526 1499 1571 accusationem,

182 1607 221 1633 se
262 1594 361 1633 enim
397 1608 473 1633 non
511 1594 551 1633 in
582 1594 776 1633 manifesto
805 1594 967 1633 facinore
996 1594 1269 1647 deprehensum
1300 1607 1401 1642 esse,
1440 1594 1505 1633 sed

182 1663 294 1700 etiam
322 1668 365 1701 ut
392 1663 580 1701 iudicibus
610 1663 842 1710 ostenderet,
872 1677 918 1701 ne
946 1664 1068 1714 ipsum
1098 1664 1248 1714 quidem
1281 1664 1504 1715 Dionysium

183 1730 393 1772 existimare
430 1735 529 1771 recte
567 1745 645 1771 sese
683 1731 921 1784 adscripsisse
948 1732 1044 1772 illud
1073 1731 1129 1772 ἐπ’
1157 1733 1371 1783 αὐτοφώρῳ,
1400 1733 1502 1785 quod
1550 1750 1552 1752 ·

180 1807 332 1840 coactus
361 1802 510 1841 demum
541 1802 587 1842 ab
619 1802 882 1842 undeeimviris
907 1803 1121 1842 addidisset.
1161 1803 1334 1854 Optime,
1351 1805 1503 1855 opinor,

180 1869 260 1922 ipse
288 1869 424 1923 Lysias
448 1871 584 1918 sensit,
616 1884 728 1923 quam
755 1871 902 1911 infirma
930 1877 1026 1912 esset
1055 1886 1186 1912 caussa
1213 1874 1348 1912 actoris
1367 1873 1414 1913 ab
1434 1873 1503 1913 hac

180 1945 306 1990 parte,
351 1939 477 1989 itaque
519 1941 580 1977 vix
623 1945 786 1979 extrema
827 1942 994 1979 oratioue
1036 1943 1172 1992 raptim
1215 1947 1362 1981 tantum
1399 1948 1436 1981 et
1463 1944 1503 1981 in

179 2011 396 2047 transcursu
439 2007 535 2047 illud
573 2009 630 2048 ἐπ’
669 2008 861 2058 αὐτοφώρῳ
897 2010 1020 2062 tangit
1057 2015 1093 2050 et
1131 2016 1283 2051 excusat
1310 2023 1504 2064 argumen-

179 2077 249 2123 tis,
295 2089 390 2128 quae
432 2090 533 2115 nuuc
575 2077 690 2115 risum
732 2081 894 2116 movent.
962 2078 1075 2127 Quod
1121 2079 1323 2131 Dionysius
1353 2086 1503 2120 coactus

178 2145 328 2184 demum
370 2145 515 2184 addidit
555 2145 621 2184 illa
662 2145 793 2193 verba,
837 2147 1029 2187 concedit:
1073 2163 1148 2188 non
1182 2150 1369 2198 concedit,
1417 2150 1502 2189 hinc

177 2213 430 2265 colligendum
471 2227 569 2261 esse,
613 2228 660 2253 ne
701 2215 823 2265 ipsum
865 2216 1017 2266 quidem
1061 2218 1291 2266 existimare,
1336 2233 1375 2257 se
1413 2220 1495 2257 iure

177 2282 387 2334 Aguratum
431 2283 478 2322 ad
523 2282 794 2322 undecimviros
837 2286 1027 2336 rapuisse,
1076 2287 1133 2325 vel
1180 2288 1305 2339 potius
1346 2288 1391 2327 de
1432 2288 1500 2327 hac

176 2364 216 2390 re
258 2351 363 2390 silet:
407 2356 537 2391 contra
572 2352 702 2391 laudat
740 2353 1035 2402 undecimviros,
1072 2357 1139 2406 qui
1166 2357 1390 2408 Dionysium
1419 2371 1500 2396 coe-

177 2420 300 2472 gerint
337 2420 408 2460 hoc
445 2421 584 2469 faeere,
623 2434 749 2461 revera
791 2422 890 2463 enim
934 2424 1141 2476 Agoratum
1184 2425 1259 2464 dici
1300 2439 1407 2478 posse
1449 2427 1498 2466 ci·
1535 2461 1557 2484 <X
