1701 2839
200 132 250 169 54
731 146 871 173 omno
898 147 1003 176 xxvi.

249 254 270 305 ξ
298 254 335 292 9.
391 255 531 300 κάκεῖνο
567 255 597 294 δ’
622 256 841 304 ἐνθυμεῖσθε,
867 255 920 296 ὅτι
947 257 964 296 ὅ
991 255 1059 300 θεὶς
1087 256 1145 295 τὸν
1172 255 1251 305 περ)
1277 258 1347 295 τῶν
1374 256 1520 303 δοκιμα-

194 325 276 362 σιῶν
302 322 405 371 νόμον
431 326 502 373 οὐχ
530 323 658 370 ἥκιστα
685 327 754 363 τῶν
780 325 817 364 ἐν
842 324 1041 375 ὀλιγαρχίᾳ
1066 324 1247 373 ι’ρξάντων
1264 322 1370 364 ἕνεκα
1382 323 1519 371 ἔθηκεν,

194 391 386 439 ἡγούμενος
414 392 518 436 δεινὸν
546 390 655 441 εἶναι,
685 395 713 434 εἰ
744 393 773 433 δι
786 394 797 412 ’
825 392 882 438 οὓς
912 395 933 440 ἧ
962 393 1182 447 δημοκρατία
1208 393 1405 440 κατελύθη,
1430 390 1521 434 οὗτοι

193 462 229 499 ἐν
266 463 359 509 αὐτῇ
392 467 439 510 τῇ
471 465 635 511 πολιτεία
665 463 777 502 πάλιν
807 462 971 513 ἄρξουσι,
1000 463 1061 502 καὶ
1086 463 1189 511 κύριοι
1217 462 1436 509 γενήσονταί
1453 465 1520 501 τῶν

192 530 305 575 νόμων
330 530 392 571 καὶ
420 535 484 576 τῆς
512 531 672 579 πόλεως,
701 530 741 577 ἣν
770 532 932 582 πρότερον
950 532 1228 581 παραλαβόντες
1242 530 1349 575 οὕτως
1364 531 1520 580 αἰσχρῶς

191 598 252 638 καὶ
279 600 394 642 δεινῶς
421 600 667 647 ἐλωβήσαντο.

247 667 391 708 Notum
425 673 482 707 est
507 670 572 715 τὴν
599 669 781 709 πολιτείαν
811 670 912 722 apud
939 675 1104 710 oratores
1132 683 1243 722 saepe
1270 682 1338 721 pro
1364 673 1429 714 τῆς
1460 667 1517 712 δη·

191 738 388 784 μοκρσιτίας
425 739 526 788 poni.
584 738 691 777 Idem
729 739 766 778 h.
805 739 831 777 l.
865 740 1003 778 fecerat
1029 738 1182 789 Lysias,
1213 738 1277 776 sed
1305 738 1520 782 intercesse-

189 810 279 845 runt
306 805 460 846 librarii.
502 805 599 847 Cum
628 807 727 847 enim
745 807 809 847 ille
828 808 1053 861 scripsisset:
1075 806 1266 855 ἡγούμενος
1286 804 1392 845 δεινὸν
1406 801 1517 851 εἶναι,

189 876 219 914 εἰ
255 874 304 914 δι’
335 874 392 918 οὓς
431 878 452 922 ἧ
491 877 657 916 πολιτεία
683 877 883 927 κατελύθη,
912 875 1005 916 οὖτοι
1034 878 1070 916 ἐν
1096 877 1191 925 αὐτῇ
1219 874 1331 914 πάλιν
1357 873 1515 922 ἄρξουσι,

188 945 454 996 grammaticus
492 947 710 998 supervenit
746 954 783 986 et
821 946 868 986 de
882 933 998 987 ⁸more
1027 946 1073 986 ad
1104 948 1125 993 ἦ
1156 944 1321 985 πολιτεία
1348 943 1518 996 appinxit

190 1016 210 1059 ἧ
238 1015 478 1063 δημοκρατία,
509 1029 604 1066 quae
634 1017 944 1055 annotatiuncula
972 1030 995 1054 a
1021 1016 1183 1055 librariis
1210 1016 1251 1054 in
1279 1014 1412 1053 seriem
1439 1026 1518 1052 ver-

189 1083 321 1122 borum
368 1083 502 1134 Lysiae
539 1085 712 1124 traducta
749 1085 884 1124 sinceri
922 1084 1096 1124 vocabuli
1134 1084 1260 1123 locum
1298 1082 1516 1135 occupavit,

187 1151 302 1201 idque
336 1152 423 1190 sede
460 1165 529 1190 sua
566 1152 808 1192 deturbatum
847 1153 920 1191 alio
959 1153 1117 1203 migrare
1150 1152 1281 1198 iussit,
1312 1151 1379 1189 nbi
1406 1164 1445 1189 se
1472 1155 1517 1188 ut

188 1219 315 1271 potuit
342 1219 649 1260 accommodavit.
706 1220 849 1260 Eodem
877 1221 953 1259 fere
981 1220 1093 1259 modo
1121 1223 1322 1271 corruptus
1347 1223 1403 1258 est
1415 1217 1521 1258 locus

186 1289 226 1327 in
254 1287 319 1327 Or.
349 1288 528 1337 XXXII,
557 1290 578 1341 ᾇ
610 1291 681 1337 10,
712 1289 776 1330 ubi
806 1290 892 1329 vide
921 1287 1017 1340 quae
1046 1288 1321 1329 annotabimus,

239 1358 260 1408 ξ
292 1359 353 1396 14.
411 1356 539 1397 Codex
567 1358 740 1409 praebet:
778 1358 874 1398 Τότε
902 1359 968 1402 μὲν
994 1358 1066 1407 γὰρ
1095 1359 1190 1405 ὑμᾶς
1220 1356 1321 1407 ᾤοντο
1349 1353 1521 1405 ὀργισθέν-

185 1440 254 1470 τας
291 1426 548 1474 Λεωδάμαντα
584 1427 866 1476 α’ποδοκιμάσαι·
913 1428 976 1467 ἐὰν
1015 1427 1051 1466 δὲ
1083 1425 1190 1466 αὐτὸν
1217 1425 1454 1474 δοκιμάσητε,
1483 1423 1521 1464 εὖ

129 1538 133 1547 x
185 1494 336 1535 εἴσονται
364 1493 416 1535 ὅτι
445 1496 484 1535 οὐ
512 1496 632 1545 δικαίᾳ
660 1496 786 1546 γνώμη
814 1497 890 1544 περὶ
921 1497 1032 1535 αὐτοῦ
1061 1495 1246 1544 κέχρησθε.

238 1564 369 1603 Potest
396 1564 497 1614 fieri,
528 1569 571 1603 ut
600 1565 669 1604 viri
697 1565 800 1604 docti
828 1578 895 1616 pro
924 1564 1031 1604 αὐτόν
1043 1593 1054 1611 ,
1086 1562 1187 1615 quod
1208 1563 1295 1602 fen-i
1313 1575 1388 1601 non
1409 1565 1518 1614 posse

185 1633 275 1672 satis
318 1637 486 1680 constat,
531 1637 631 1672 recte
672 1634 906 1685 reposuerint
948 1636 1090 1672 τοῦτονε
1127 1631 1211 1672 vide
1240 1636 1364 1670 tamen
1393 1643 1518 1670 annon

184 1702 309 1752 potius
338 1701 579 1741 statuendum
608 1703 677 1747 sit,
704 1702 874 1741 librarios
894 1703 933 1740 in
953 1702 1104 1740 nomine
1124 1701 1274 1752 proprio
1295 1700 1491 1739 scribendo
1504 1729 1516 1746 ‚

186 1774 229 1809 ut
267 1771 415 1822 saepius
454 1769 566 1817 alibi,
606 1771 659 1810 sio
697 1770 767 1810 hoc
801 1783 951 1822 quoque
989 1770 1072 1809 loco
1112 1768 1332 1809 titubavisse
1367 1774 1404 1807 et
1432 1767 1519 1807 scri-

184 1840 304 1892 psisse
332 1840 368 1879 δὲ
395 1839 520 1887 αὐτόν,
551 1853 635 1879 cum
657 1839 791 1891 Lysiae
818 1853 952 1879 manus
980 1839 1114 1880 fuisset
1142 1838 1174 1878 δ’
1192 1837 1378 1886 Εὔανδρον.
1409 1836 1516 1886 Quae

185 1908 350 1961 suspicio
388 1922 432 1948 eo
469 1908 752 1948 commendatur
765 1938 776 1956 ‚
816 1908 919 1960 quod
957 1907 1145 1960 oppositio
1179 1920 1244 1959 per
1271 1920 1405 1947 nomen
1435 1919 1518 1958 pro-

185 1979 309 2030 prium
347 1979 482 2017 fortius
521 1978 713 2025 efferetur,
754 1991 867 2028 quam
898 1991 964 2029 per
991 1990 1217 2028 pronomen,
1248 1982 1286 2014 et
1313 1976 1368 2015 sic
1396 1976 1517 2015 omnis

185 2046 412 2098 ambiguitas
441 2046 608 2086 tolletur.

240 2116 261 2166 §
292 2117 353 2154 16.
409 2115 580 2162 Καίτοιγε
613 2115 721 2155 αὐτὸν
748 2115 862 2154 άκούω
890 2114 1003 2160 λέξειν
1031 2116 1076 2158 ὥς
1105 2115 1143 2153 οὐ
1172 2115 1250 2163 περὶ
1279 2115 1390 2153 αὐτοῦ
1417 2113 1518 2160 μόνον

186 2186 207 2230 ἦ
235 2184 428 2230 δοκιμασία
455 2183 571 2233 ἐστίν,
600 2183 704 2222 ἄλλα
732 2183 808 2231 περὶ
839 2183 982 2222 πάντων
1010 2186 1079 2221 τῶν
1106 2183 1141 2220 ἐν
1168 2181 1271 2221 ἄστει
1299 2181 1514 2229 μεινάντων,

185 2252 247 2292 καὶ
275 2253 355 2294 τοὺς
383 2250 498 2299 ὅρκους
526 2252 587 2291 καὶ
617 2253 685 2296 τὰς
713 2252 885 2297 συνθήκας
913 2252 1009 2298 ὑμᾶς
1038 2251 1270 2297 ὑπομνήσειν,
1297 2252 1343 2293 ὦς
1369 2251 1410 2290 ἐκ
1437 2250 1514 2289 τού-

186 2337 256 2362 των
294 2321 581 2370 προσληψόμενον
615 2321 721 2360 αὑτὸν
755 2320 975 2368 δοκιμαστὰς
1005 2320 1086 2363 τοὺς
1116 2321 1152 2359 ἕν
1178 2318 1281 2359 ἄστει
1309 2318 1514 2364 μείναντας.

242 2391 316 2430 Pro
354 2391 483 2437 αὐτόν,
522 2390 623 2442 quod
663 2391 699 2430 h.
735 2390 761 2429 l.
791 2390 887 2430 nihil
917 2390 1102 2442 significat
1113 2419 1125 2437 ‚
1155 2389 1353 2441 legendum
1384 2402 1515 2431 censeo

189 2461 309 2511 αὐτῷ,
338 2460 413 2500 nisi
441 2460 558 2499 mavis
588 2460 723 2500 habere
751 2473 819 2511 pro
848 2459 954 2498 scioli
983 2458 1249 2498 additamento.
