1701 2839
761 105 900 143 curro
928 107 965 132 x.
1476 99 1524 135 19

196 213 378 266 προσήκειν
397 213 429 253 ,δ’
454 214 646 261 ἡγούμενος
668 214 728 253 καὶ
752 214 811 253 δια
831 214 966 260 ταύτην
988 216 1053 260 τὴν
1076 214 1254 261 ἀπόδειξιν
1277 214 1521 262 ἀπηλλάχθαι

196 284 257 321 τοῦ
284 282 537 330 ἐγκλήματος,
565 282 618 322 ἔτι
648 282 813 325 πλείονας
843 283 918 320 καὶ
947 282 1104 331 νόμους
1131 284 1207 322 καὶ
1237 282 1359 326 ἄλλας
1389 282 1522 321 δικαιώ-

196 365 268 393 σεις
282 350 593 399 παρασχήσομαι.
651 351 722 389 Καί
746 365 805 402 μοι
831 351 930 397 λαβὲ
957 352 1016 391 τὸν
1044 351 1158 398 νόμον.

253 418 523 470 Harpocration
560 418 601 457 in
639 418 776 457 Lexico
812 419 1002 474 δικαιώσεις
1038 424 1136 458 recte
1163 420 1323 470 explicat
1351 419 1520 458 δικαιολο-
1580 469 1585 474 ⁴

196 487 281 534 γίας
309 488 335 527 i.
365 501 397 526 e.
419 493 657 538 argumenta,
679 487 816 538 quibus
836 488 920 538 quis
940 500 1108 527 caussam
1129 501 1233 527 suam
1253 489 1386 527 firmet.
1416 487 1514 526 Satis

198 557 451 607 inopportuno
479 548 561 593 loco
590 556 708 605 igitur
735 556 997 607 interpositum
1025 562 1092 595 est.
1110 556 1254 605 νόμους,
1284 557 1384 607 leges
1413 557 1512 595 enim

196 625 234 663 iu
264 637 369 663 suam
397 623 648 662 defensionem
678 623 850 663 exhibere
879 624 917 662 id
947 625 1072 676 ipsum
1096 630 1155 664 est
1176 625 1362 668 δικαίωσις.
1402 626 1516 664 Acce·

195 693 275 740 dit,
306 692 407 743 quod
436 706 544 738 reus,
575 693 639 743 qui
660 692 801 731 nullam
820 692 943 732 adhuc
962 693 1082 744 legem
1107 694 1287 744 protulit,
1310 694 1370 731 vix
1391 694 1514 732 dicere

194 765 337 812 potest:
375 760 425 799 ἔτι
458 759 629 803 ’πλείονας
669 761 791 807 νόμους
830 765 1128 810 παρασχήσομαι.
1185 761 1225 800 Si
1252 762 1369 813 igitur
1397 775 1515 800 versa-

195 831 319 868 remur
347 829 386 867 in
415 829 560 880 integro
590 829 706 867 Attici
733 829 874 880 ingenii
894 834 1136 868 monumento
1155 829 1283 868 nullus
1302 829 1513 868 dubitarem

194 911 403 949 expungere
435 897 507 936 καὶ
541 895 700 943 νόμους
728 898 824 942 καί,
854 903 986 949 utpote
1012 903 1145 939 natum
1174 911 1220 936 ex
1246 888 1345 937 mala
1370 897 1516 937 insoliti

193 966 364 1004 vocabuli
392 966 709 1015 interpretatione.

247 1036 268 1086 ξ
298 1036 347 1073 14
378 1035 444 1085 (†).
492 1035 659 1085 Γνώριμος
678 1034 714 1072 δὲ
732 1033 917 1080 γενόμενος
936 1034 994 1073 δια
1012 1038 1076 1079 τῆς
1095 1035 1220 1073 ἐκείνου
1243 1035 1309 1084 (sc.
1330 1034 1510 1080 Sostrati,

194 1104 260 1155 qui
297 1104 349 1141 rei
387 1103 526 1140 amicus
564 1103 699 1152 fuerat)
734 1103 943 1144 δυναστείαις
971 1103 1044 1141 οὔτ’
1067 1103 1188 1151 ἐχθρὸν
1216 1102 1507 1151 ἐτιμωρησάμην,

190 1172 270 1212 οὔτε
304 1173 408 1222 φίλον
443 1170 675 1219 εὐηργέτησα.
714 1174 846 1214 Ζῶν-τος
883 1171 948 1217 μὲν
984 1171 1057 1219 γὰρ
1093 1171 1165 1211 διὰ
1201 1173 1280 1217 την
1308 1170 1511 1218 ανάγκην

191 1241 263 1280 καὶ
297 1240 356 1280 διὰ
392 1242 455 1285 την
489 1240 626 1285 ἡλικίαν
661 1239 878 1288 ἐσχόλαζον,
916 1240 1117 1282 ἐκλιπόντος
1156 1240 1191 1278 δὲ
1227 1240 1286 1278 τὸν
1321 1240 1399 1285 βίον
1430 1240 1514 1278 οὔτε

191 1310 309 1357 λόγῳ,
348 1308 420 1348 οὔτ’
457 1308 546 1357 ἔργῳ
584 1308 740 1357 ἔβλαψα
767 1308 887 1347 οὐδένα
913 1311 995 1347 τῶν
1022 1309 1407 1358 κατηγορούντων,
1435 1308 1510 1356 ἔχω

192 1378 227 1416 δὲ
263 1378 324 1416 καὶ
363 1381 514 1416 τοιαῦτα
551 1379 682 1421 εἰπεῖν,
721 1376 761 1421 ἕξ
798 1374 842 1415 ὦν
878 1377 1080 1425 ὠφελοίμην
1118 1376 1163 1415 ἂν
1191 1377 1283 1415 πολὺ
1311 1376 1514 1424 δικαιότερον

191 1446 258 1484 ὑπὸ
284 1449 352 1484 τῶν
379 1445 558 1484 ἀντιδίκων
565 1474 576 1491 ,
607 1445 626 1489 ἢ
655 1447 771 1487 κακῶς
799 1445 994 1492 πάσχοιμι.

245 1514 370 1552 Codex
399 1513 510 1552 habet
537 1513 594 1552 δια
621 1514 684 1557 τὴν
710 1512 872 1559 ἀνάγκην
900 1513 957 1551 διὰ
975 1513 1039 1557 την
1059 1512 1197 1558 ἡλικίαν
1217 1513 1352 1550 omissa
1371 1511 1508 1563 copula

189 1584 271 1638 καί,
301 1597 346 1621 ex
374 1583 510 1633 quibus
538 1582 601 1626 διὰ,
622 1583 686 1627 την
713 1582 896 1628 ανάγκην,
925 1594 1017 1619 crux
1037 1581 1244 1628 editorum,
1265 1595 1341 1620 non
1361 1581 1510 1620 videtur

190 1666 266 1691 esse
295 1652 369 1690 nisi
398 1651 496 1690 varia
524 1651 635 1696 lectio
664 1651 703 1690 in
733 1650 935 1702 marginem
955 1650 1163 1702 releganda.
1197 1650 1244 1689 In
1264 1650 1507 1702 sequentibus

188 1721 338 1759 Atticus
367 1720 575 1772 scripsisset
600 1722 669 1758 τῶν
696 1719 922 1768 κατηγόρων,
953 1719 1017 1757 sed
1045 1720 1085 1757 in
1112 1725 1241 1757 nostro
1265 1720 1508 1770 epitomatore

186 1789 425 1841 participium
464 1792 532 1827 τῶν
568 1788 873 1836 κατηγορούντων,
913 1787 1013 1839 quod
1053 1788 1186 1839 utique
1221 1787 1341 1827 multo
1374 1787 1507 1827 melius

187 1858 329 1896 abesset
357 1862 508 1908 propter
535 1857 594 1902 id,
627 1856 728 1906 quod
752 1856 956 1906 praecedit,
987 1857 1061 1895 οὔτ’
1078 1857 1198 1905 ἐχθρὸν
1216 1856 1503 1905 ἐτιμωρηροὶμην,

187 1927 310 1965 locum
338 1926 493 1964 fortasse
521 1925 618 1964 tueri
647 1924 796 1976 poterit.

433 2156 615 2194 ORATIO
644 2155 691 2194 X.
748 2155 876 2194 Κατὰ
904 2155 1193 2201 Θεομνήστου
1221 2156 1272 2193 α’.

239 2281 260 2332 ἕ
287 2283 324 2319 4.
381 2279 480 2327 Ἐμοὶ
509 2279 601 2328 γάρ,
630 2275 655 2318 ὦ
678 2276 796 2326 ἄνδρες
820 2277 989 2317 δικασταί
999 2309 1010 2324 ,
1031 2277 1091 2323 ἔτη
1108 2277 1172 2317 εἶσὶ
1193 2276 1382 2326 τριάκοντα
1404 2276 1508 2326 τρία,

184 2350 224 2396 ἐξ
259 2348 338 2389 ὅτου
375 2349 403 2388 δ’
433 2350 533 2397 ὑμεῖς
574 2346 861 2396 κατεληλύθατε,
896 2347 1048 2386 εἰκοστὸν
1086 2348 1203 2387 τουτί.
1245 2347 1419 2392 Φαίνομαι
1454 2343 1510 2385 οὖν

185 2418 464 2468 τρισκαιδεκέτης
493 2419 536 2457 ὢν
563 2416 621 2456 ὅτε
650 2417 666 2455 o‘
696 2416 813 2464 πατὴρ
843 2416 910 2454 ὑπὸ
938 2419 1006 2456 τῶν
1034 2416 1223 2464 τριάκοντα
1245 2415 1453 2459 ἀπέθνησκε.
