1701 2839
183 158 236 193 44
723 171 864 197 omno
892 171 955 198 xx.

181 276 358 331 quinata‚·
400 277 501 328 quod
543 291 762 329 praemoneo
801 284 952 329 propter
979 277 1254 318 Franckenium
1269 309 1280 326 ‚
1316 280 1383 330 qui
1410 280 1506 320 locis

180 346 365 396 corruptis
393 346 510 385 fretus
540 346 710 397 perhibet
738 351 928 385 auctorem
958 347 1071 385 huius
1099 347 1302 394 orationis,
1332 349 1506 400 quisquis

182 413 332 452 tandem
360 414 451 461 fuit,
482 428 557 453 non
576 420 723 453 tantum
744 415 907 456 Graecae
925 415 1108 467 linguae'
1096 429 1293 479 ignarum,
1314 415 1378 455 sed
1389 418 1507 460 etiam

181 482 368 521 hominem
399 483 472 521 fere
501 483 744 535 desipientem
773 488 811 523 et
838 484 987 523 aniliter
1014 476 1238 536 garrientem
1266 485 1393 525 fuisse
1442 475 1506 525 Me

182 557 306 589 autem
340 551 464 590 iudice
497 553 646 603 scripsit
682 553 778 591 hanc
812 553 1018 591 emtionem
1045 553 1170 591 nescio
1199 553 1283 603 quis
1314 553 1412 592 bello
1440 554 1508 593 Pe-

180 620 442 671 loponnesiaco
485 621 531 659 ad
573 622 685 660 finem
728 628 922 673 vergente,
964 620 1137 668 „crasso”
1180 621 1333 674 quidem
1361 622 1453 669 „filo
1469 621 1504 669 ‚''

182 696 345 727 attamen
384 703 553 728 sermone
587 690 731 737 Attico,
762 691 828 742 qui
856 690 977 729 sicubi
1006 704 1027 729 a
1055 690 1215 729 librariis
1244 690 1505 742 pessumdatus

181 763 257 804 est,
287 763 455 797 nostrum
486 763 543 797 est
571 759 605 797 ei
633 759 832 811 antiquum
861 759 1019 797 nitorem
1048 758 1213 797 reddere.

237 828 292 864 Ac
333 827 493 877 primum
531 828 572 865 ni
607 827 717 865 fallor
753 827 990 866 scribendum
1027 828 1098 874 ἐγὼ
1135 828 1201 873 μὲν
1228 840 1295 878 pro
1324 829 1342 867 ὃ
1369 829 1435 873 μὲν
1461 829 1502 866 in

178 896 199 946 ᾧ
226 898 270 932 4:
296 896 426 938 ’Όστις
453 896 518 942 μὲν
546 893 603 934 οὖν
629 894 757 941 ἄτιμος
775 896 840 942 ὤν,
860 895 967 935 κακόν
984 909 1020 934 τι
1038 894 1282 943 ἐργασάμενος
1304 896 1338 934 ἐν
1356 897 1406 944 τῷ
1422 896 1519 945 πρό·,

179 965 256 1001 σθεν
283 963 416 1011 χρόνῳ,
445 964 568 1011 ἑτέρας
596 964 776 1004 πολιτείας
803 964 1024 1012 ἐπεθύμησε,
1054 963 1112 1002 διὰ
1140 964 1189 1002 τὰ
1217 963 1361 1018 πρᾴσδεν
1385 963 1504 1011 α’μαρ·

178 1032 331 1078 τήματα
359 1032 468 1071 αὑτοῦ
495 1030 583 1072 ἕνεκ’
610 1030 653 1071 ἂν
681 1032 859 1081 ἔπραττε·
886 1031 999 1081 τούτῳ
1026 1031 1063 1071 δὲ
1089 1034 1241 1071 τοιοῦτον
1268 1031 1362 1072 οὐδὲν
1391 1031 1505 1081 ἦμάρ-

178 1115 287 1146 τηται
297 1130 309 1147 ,
347 1100 437 1139 ὥστε
474 1102 495 1146 ἢ
533 1102 643 1139 αὑτοῦ
679 1100 782 1139 ἕνεκα
818 1106 934 1146 μισεῖν
970 1102 1012 1140 τὸ
1042 1103 1172 1146 πλῆθος
1200 1102 1241 1139 τὸ
1270 1102 1434 1149 ὑμέτερον
1441 1131 1454 1152 ,
1482 1101 1503 1147 ἢ

179 1174 247 1209 τῶν
275 1170 421 1209 παίδων.
463 1172 507 1209 'O
537 1171 602 1216 μὲν
629 1170 702 1219 γὰρ
730 1171 765 1209 ἐν
794 1170 943 1219 Σικελίᾳ
971 1167 1027 1215 ἦν,
1056 1170 1086 1208 οἱ
1109 1169 1139 1208 δ’
1157 1170 1192 1208 ἐν
1211 1173 1369 1213 Βοιωτοῖς
1385 1183 1393 1192 ·
1414 1169 1505 1210 ὥστε
1558 1189 1560 1191 ·

180 1239 269 1284 μηδὲ
308 1239 437 1276 τούτων
474 1237 576 1276 ἕνεκα
614 1238 735 1285 ἑτέρας
772 1239 954 1281 πολιτείας
992 1238 1227 1283 ἐπιθυμῆσαιε
1264 1239 1345 1289 ipse
1380 1239 1478 1285 enim
1491 1268 1503 1285 ‚

182 1307 247 1358 qui
277 1307 373 1345 hanc
401 1306 606 1345 orationem
637 1306 771 1353 habet,
800 1307 921 1345 fuerat
949 1307 988 1345 in
1016 1305 1144 1345 Sicilia
1171 1310 1266 1353 teste
1292 1307 1313 1358 ξ
1341 1308 1392 1345 24
1422 1320 1503 1359 sqq.

182 1375 299 1414 Plane
338 1375 468 1414 eodem
498 1375 610 1414 modo
638 1376 677 1413 in
704 1377 726 1426 ᾧ
754 1376 805 1413 23
834 1375 931 1413 duae
960 1376 1098 1426 priores
1126 1375 1271 1413 litterae
1299 1376 1506 1426 perierant,

179 1445 244 1483 ubi
282 1458 350 1496 pro
382 1459 468 1484 οσων
498 1444 668 1483 Dobraeo
698 1444 880 1483 suadente
907 1443 1073 1483 Cobetus
1101 1444 1140 1482 in
1170 1443 1333 1483 editione
1361 1444 1434 1488 νεὸς
1462 1445 1505 1484 ὤν

164 1515 359 1552 restituit.

230 1583 251 1634 ξ
282 1583 343 1621 18.
400 1582 469 1621 Και
502 1597 553 1629 μη
586 1581 811 1632 θαυμάζετε,
840 1579 866 1620 ὦ
894 1580 1014 1630 ἄνδρες
1042 1581 1227 1631 δικασταί,
1258 1579 1310 1621 ὅτι
1337 1585 1500 1621 τοσαῦτα

174 1649 277 1699 ὦφλε
317 1652 532 1699 χρήματα.
561 1652 718 1698 ’Έρημον
753 1652 827 1698 γὰρ
865 1650 972 1690 αὐτὸν
999 1650 1197 1697 λαβόντες,
1227 1652 1337 1690 αὐτοῦ
1366 1665 1408 1689 τε
1434 1650 1496 1689 καὶ

176 1721 274 1766 ἡμῶν
310 1723 585 1768 κατηγοροῦντες
615 1716 718 1758 εἷλον.
767 1720 830 1768 Τῷ
858 1718 923 1765 μὲν
960 1718 1032 1767 γὰρ
1060 1718 1131 1757 οὐδ’
1156 1718 1191 1758 εἴ
1214 1733 1268 1763 τις
1297 1715 1378 1767 εἶχε
1406 1732 1496 1767 μαρ-

175 1790 317 1838 τυρίαν,
346 1787 427 1838 εἶχε
455 1788 634 1839 (Cobetus
663 1788 782 1827 edidit
809 1788 961 1840 ἐτόλμα)
989 1792 1177 1836 μαρτυρεῖν
1204 1788 1263 1827 διὰ
1289 1787 1330 1827 τὸ
1358 1787 1431 1831 δέος
1459 1787 1500 1828 τὸ

173 1862 241 1897 τῶν
267 1858 494 1906 κατηγόρων,
524 1862 596 1901 τοῖς
624 1858 660 1895 δὲ
686 1857 748 1896 καὶ
777 1857 827 1896 τὰ
854 1856 968 1903 ψευδῆ
995 1855 1182 1899 δεδοικότες
1211 1857 1435 1905 ἐμαρτύρουν.

229 1926 473 1965 Manifestum
504 1931 559 1965 est
587 1932 775 1965 auctorem
805 1926 919 1964 huius
948 1925 1126 1964 orationis
1155 1925 1245 1964 haec
1274 1925 1327 1964 sic
1342 1924 1502 1964 scribere

174 2008 250 2033 non
279 1996 456 2046 potuisse.
514 1994 716 2045 Polystrati
744 1994 833 2041 filii,
863 1994 928 2045 qui
957 2007 1023 2045 per
1042 1995 1138 2040 ἡμῶν
1157 1993 1414 2044 designantur,
1435 1998 1501 2033 aut

175 2064 378 2103 adfuerunt
417 2065 455 2103 in
494 2064 607 2111 urbe,
647 2077 763 2114 quum
803 2050 926 2116 pater·
946 2067 1205 2109 accusaretur,
1239 2067 1306 2101 aut
1333 2076 1409 2101 non
1439 2062 1501 2102 ad-

176 2133 353 2172 fuerunt:
389 2134 421 2172 si
449 2133 545 2172 illud
576 2148 725 2179 verum,
757 2138 862 2184 pater
889 2132 1020 2183 nequit
1049 2131 1124 2171 dici
1152 2132 1276 2182 ἔρημος
1302 2133 1500 2182 ληφθῆναιε

175 2202 233 2240 sin
264 2202 359 2248 hoc,
391 2202 526 2249 miror,
556 2216 671 2253 quare
700 2215 775 2241 non
804 2202 871 2240 filii
901 2214 1072 2252 quoque,
1102 2200 1168 2251 qui
1196 2213 1272 2240 una
1290 2214 1375 2240 cum
1394 2206 1500 2253 patre

178 2271 342 2309 accusati
370 2270 569 2317 dicuntur,
599 2270 765 2309 damnati
797 2271 893 2317 sint,
924 2270 1138 2321 praesertim
1168 2282 1285 2320 quum
1315 2269 1383 2307 illo
1411 2274 1503 2309 tem·

177 2352 267 2391 pore
297 2339 467 2378 abessent
496 2339 542 2377 ab
571 2339 675 2378 urbe.
737 2340 905 2390 Augetur
933 2337 1131 2377 difficultas
1155 2350 1216 2385 e0,
1237 2337 1339 2389 quod
1361 2343 1504 2389 praeter

175 2408 245 2446 hoc
284 2407 366 2446 loco
396 2421 581 2459 nusquam
610 2409 649 2447 in
680 2408 750 2447 hac
779 2408 947 2447 oratione
974 2407 1042 2445 filii
1070 2407 1249 2445 dicuntur
1276 2407 1391 2458 patris
1420 2420 1504 2446 cau-

176 2478 226 2516 sis
256 2477 427 2529 impliciti
459 2477 593 2524 fuisse,
625 2478 733 2516 cuius
762 2477 814 2516 rei
844 2477 1071 2515 mentionem
1103 2476 1221 2515 facere
1246 2477 1304 2516 sui
1317 2476 1504 2529 purgandi
