1701 2839
189 142 239 179 50
724 152 866 180 omno
890 153 982 181 XXV.

243 260 506 307 Caeterorum,
536 261 601 312 qui
628 261 740 300 verba
767 259 806 301 εὖ
834 265 937 302 ποιῶν
968 266 1184 310 tentarunt,
1214 262 1437 302 coniecturis
1456 276 1516 302 me

188 331 313 370 iudice
341 331 452 381 longe
478 335 643 382 praestat
670 344 714 369 ea
741 330 881 370 Naberi
893 360 904 378 ,
939 333 1005 382 qui
1033 332 1127 370 mihi
1155 343 1222 383 per
1249 331 1392 371 litteras
1420 345 1518 370 oom-

189 400 415 445 manicavit,
455 399 526 438 sibi
563 399 680 438 videri
720 399 890 438 librarios
927 399 1099 439 lacunam
1128 400 1219 439 olim
1247 400 1342 440 male
1371 399 1518 451 supple-

191 469 286 506 visse
314 482 382 506 suo
410 467 451 507 εὖ
477 472 601 517 ποιῶν,
631 482 716 507 cum
745 468 880 519 Lysiae
909 481 1041 507 manus
1069 469 1203 507 fnisset
1229 468 1440 517 σπουδάζεις
1470 469 1517 507 ad

190 550 301 588 quam
330 536 583 575 coniecturam
612 536 875 576 stabiliendam
905 541 1083 589 provocat
1110 537 1158 577 ad
1185 538 1206 589 ᾗ
1240 539 1285 576 18
1311 537 1425 576 huius
1440 550 1519 576 ora-

189 607 323 644 tionis:
351 607 476 645 ‘'ssa-rs
503 620 562 652 μοι
590 607 684 658 δοκεῖ
707 607 724 644 ὁ
750 608 944 654 κατήγορος
971 608 1081 646 εἰπεῖν
1100 607 1260 655 περὶτῆς
1279 609 1367 654 ἐμῆς
1386 606 1517 654 ὕβρεως

189 676 227 714 οὐ
265 673 484 722 σπουδάζων,
525 675 629 713 ἀλλά
667 675 823 724 παίζων,
851 675 921 714 οὐδ’
951 676 1047 723 ὑμᾶς
1075 680 1197 715 πεῖσαι
1225 675 1439 723 βουλόμενος
1466 673 1517 714 ὅτι

189 743 260 791 εἰμὶ
289 747 463 789 τοιοῦτος.
491 745 578 783 ἀλλ’
607 744 671 791 ἐμὲ
700 744 878 793 κωμῳδεῖν
906 745 1132 793 βουλόμενος.

244 814 265 864 §
293 814 357 850 24.
415 812 462 851 In
500 813 734 863 peroratione
767 812 977 860 invalidus,
1008 814 1074 864 qui
1102 826 1253 852 causam
1281 813 1395 860 dicit,
1424 813 1520 852 iudi-

190 896 250 921 ces
279 882 468 929 obsecrat,
501 895 548 920 ne
583 886 711 920 contra
739 895 777 920 se
806 883 1010 921 sententias
1041 883 1182 929 serant3
1213 883 1287 922 Διά
1313 883 1352 922 τί
1377 882 1449 931 γὰρ
1475 881 1520 922 ἂν

189 952 250 990 καὶ
287 950 456 999 τύχοιμι,
496 951 642 1001 inquit,
681 951 841 989 τοιούτων
880 951 997 997 ὖμῶνς
1037 951 1187 999 Πότερον
1220 950 1272 991 ὅτι
1301 952 1347 990 δι’
1374 950 1438 996 ἐμέ
1465 966 1519 994 τις

189 1020 237 1062 εἷς
265 1021 392 1065 ἀγῶνα
420 1019 563 1058 πώποτε
591 1020 781 1062 καταστὰς
811 1020 978 1059 ἀπώλεσε
1006 1021 1069 1065 την
1099 1020 1240 1066 οὒσίανς
1269 1022 1376 1059 Ἀλλ’
1393 1020 1461 1059 οὐδ’
1475 1019 1520 1059 ἂν

190 1086 239 1131 εἷς
267 1087 501 1132 ἀποδείξειεν.
532 1089 637 1126 Ἀλλ’
664 1086 716 1127 ὅτι
746 1088 1019 1136 πολυπράγμων
1046 1088 1117 1135 εἰμὶ
1147 1089 1208 1127 καὶ
1237 1089 1365 1137 θρασὺς
1383 1088 1444 1127 καὶ
1462 1091 1522 1138 Φι-

190 1157 459 1206 λαπεχθήμων;
498 1158 604 1196 Ἀλλ’
643 1158 681 1196 οὐ
717 1157 902 1200 τοιαύταις
938 1157 1122 1206 ἀφορμαῖς
1158 1161 1220 1197 τοῦ
1248 1157 1328 1204 βίου
1357 1157 1440 1205 πρὸς
1471 1158 1521 1197 τοὶ

190 1230 342 1266 τοιαῦτα
370 1225 547 1274 τυγχάνω
577 1226 770 1274 χρώμενος.

246 1296 325 1335 Iam
354 1296 609 1335 Franckenius
639 1297 826 1347 perspexit
854 1296 966 1335 verba
994 1296 1077 1345 πρὸς
1107 1296 1158 1335 τοὶ
1185 1300 1337 1335 τοιαῦτα
1364 1296 1522 1335 delenda

191 1380 290 1412 esse,
330 1365 431 1417 quod
465 1365 565 1403 idem
602 1364 699 1403 mihi
734 1378 884 1417 quoque
923 1365 961 1404 in
1000 1369 1161 1404 mentem
1190 1369 1361 1411 venerat,
1393 1377 1522 1416 quam-

191 1448 303 1485 quam
346 1448 394 1472 ne
427 1435 481 1472 sic
509 1434 663 1484 quidem
691 1434 816 1472 locum
847 1439 1086 1485 persanatum
1122 1434 1303 1472 arbitror:
1336 1438 1524 1484 praeterea

188 1501 290 1542 'enim
319 1517 338 1541 e
367 1503 456 1553 fuga
485 1502 752 1541 retrahendum
781 1507 839 1541 est
866 1507 950 1546 ταῖς
978 1507 1065 1554 post
1093 1489 1308 1549 *tomba-mg
1325 1502 1427 1554 quod
1447 1515 1524 1556 non

189 1579 327 1611 temere
370 1573 450 1610 fieri
478 1572 619 1622 optime
649 1585 827 1622 agnosces
841 1602 850 1617 ‚
881 1572 948 1610 ubi
977 1572 1088 1609 verba
1116 1571 1187 1609 hoc
1216 1571 1328 1609 modo
1357 1576 1526 1609 constru-

191 1641 308 1680 xeris:
348 1641 386 1679 αἱ
414 1641 578 1690 ἀφορμαὶ
607 1644 669 1680 τοῦ
697 1640 777 1687 βίου
806 1642 844 1680 οὗ
871 1640 1039 1680 τοιαῦταί
1064 1641 1171 1690 εἰσιν,
1202 1639 1241 1679 in
1271 1639 1408 1690 quibus
1440 1639 1527 1679 arti·

192 1710 299 1749 culus
327 1710 437 1761 plane
467 1709 700 1748 necessarius
729 1714 797 1748 est.

293 1934 474 1973 Ommo
505 1934 627 1973 XXV.
685 1935 836 1982 Δήμου
864 1933 1157 1976 καταλύσεως
1185 1932 1424 1979 ἀπολογία.

248 2050 269 2101 §
302 2051 334 2089 1.
391 2050 497 2096 Ὑμῖν
525 2049 591 2096 μὲν
619 2049 755 2093 πολλὴν
783 2047 1002 2095 συγγνώμην
1029 2047 1125 2097 ἔχω,
1153 2044 1179 2086 ὦ
1197 2045 1316 2096 ἄνδρες
1336 2046 1524 2091 δικασταί,

192 2118 355 2157 ἀκούουσι
393 2118 554 2157 τοιούτων
591 2117 707 2162 λόγων
743 2116 803 2155 καὶ
842 2116 1203 2162 ἀναμιμνῃσκομένοις
1231 2118 1300 2153 τῶν
1327 2115 1526 2161 γεγενημέ-

193 2202 273 2237 νων,
313 2187 343 2226 si
381 2187 504 2234 ὁμοίως
540 2184 676 2226 ἅπασιν
705 2184 881 2235 ὀργίζεσθε
908 2189 981 2229 τοῖς
1010 2185 1044 2224 ἐν
1071 2183 1175 2225 ἄστει
1203 2183 1367 2232 μείνασι·
1395 2186 1463 2226 τῶν
1490 2182 1527 2223 δὲ

193 2256 400 2304 κατηγόρων
438 2255 608 2304 θαυμάζω
620 2285 631 2306 ,
672 2251 703 2294 οἳ
740 2256 960 2302 ἀμελοῦντες
989 2258 1055 2293 τῶν
1084 2254 1213 2293 οἰκείων
1239 2256 1307 2293 τῶν
1334 2254 1527 2302 ἀλλοτρίων

194 2325 470 2371 ἐπιμελοῦνται·
506 2322 537 2363 οἳ
566 2327 694 2372 σαφῶς
723 2324 851 2366 εἰδότες
878 2324 959 2366 τοὺς
988 2323 1095 2370 μηδὲν
1122 2322 1330 2366 ἀδικοῦντας
1358 2321 1418 2361 καὶ
1447 2323 1527 2365 τοὺς

194 2394 318 2432 πολλοὶ
358 2392 650 2439 ἐξημαρτηκότας
693 2393 833 2440 ζητοῦσι
875 2392 1063 2440 κερδαίνειν
1105 2391 1126 2435 ἢ
1165 2392 1261 2436 ὑμᾶς
1290 2391 1417 2429 πείθειν
1444 2391 1521 2438 περὶ

197 2461 366 2502 ἁπάντων
396 2463 492 2509 ἡμῶν
521 2462 584 2506 τὴν
612 2460 756 2508 γνώμην
784 2459 920 2506 ταύτην
950 2460 1059 2508 ἔχειν.
