1701 2839
696 136 840 165 ona-rto
867 134 947 162 m.
1269 131 1271 134 ·
1433 123 1485 160 81

216 244 265 283 In
292 245 351 284 his
378 245 498 284 multa
526 259 585 285 me
613 245 821 285 offendunt.
878 234 1050 282 Primum
1073 244 1206 291 πρὸπον
1219 264 1274 272 -
1287 241 1484 296 ἔπειτα-

167 313 294 353 ἔπειτα
331 315 392 354 vix
430 314 520 354 alibi
548 314 648 366 apud
674 313 825 365 Lysiam
854 312 1036 364 reperies,
1065 325 1153 350 nam
1180 311 1285 350 locus
1313 324 1358 350 ex
1384 312 1406 362 ξ
1433 312 1484 349 30

169 381 284 421 huius
299 382 494 431 orationis,
515 396 627 434 quem
641 381 918 434 Frohbergerus
932 380 1083 428 attulit,
1097 393 1173 419 non
1193 380 1303 432 plane
1317 379 1485 419 eiusdem

168 452 314 502 generis
352 456 428 499 est,
468 465 584 503 quum
623 452 670 491 ad
707 451 866 490 alterum
901 449 1030 489 ἔπειτα
1065 448 1235 488 additum
1263 449 1313 487 sit
1339 449 1377 487 δὲ
1403 449 1467 498 καί
1475 464 1487 495 ;

170 519 306 559 deinde
333 533 400 571 pro
428 524 620 572 praesente
647 519 815 567 γίγνεσθε
842 519 991 569 requiro
1008 518 1199 565 futurum,
1220 522 1265 557 ut
1282 518 1322 557 in
1335 530 1491 576 sequen-

168 589 270 628 tibus
308 589 482 628 membris
510 589 625 628 huius
654 588 859 627 sententiae
869 604 881 635 3
911 600 1021 639 porro
1049 588 1230 636 ὁμόψηφοι
1258 588 1337 626 sine
1366 589 1487 631 αὐτοῖς

166 657 224 696 vel
266 657 341 695 alio
382 656 509 695 dativo
550 656 675 695 minus
719 661 818 695 recte
856 656 1016 702 dicitur;
1054 655 1214 706 denique
1251 656 1394 707 puerile
1433 660 1490 694 est

167 724 290 764 dicere
326 738 435 772 eum,
465 726 532 777 qui
559 725 734 765 τάναντία
762 729 834 768 τοῖς
862 724 1050 773 maim-ra
1082 724 1301 774 ψηφίζεται,
1336 725 1383 763 iis
1411 737 1487 763 non

169 793 358 842 ὁμόψηφον
400 807 489 832 esse.
546 794 723 845 Suspicor
760 792 910 844 Lysiam
948 792 1114 831 dedisse:
1154 794 1216 831 ἐὰν
1247 791 1305 832 οὖν
1331 795 1383 839 μὴ
1410 794 1491 839 ὁμό-

173 865 288 911 ψηφοι
316 866 387 906 τοῖς
407 863 596 910 τριάκοντα
614 862 784 909 γίγνησθε
803 861 875 911 (vel
894 862 1019 913 potius
1038 875 1125 900 eum
1144 860 1294 900 Nabero
1308 862 1491 913 γένησθε),

173 933 305 978 πρῶτον
341 931 406 974 μὲν
442 935 515 974 τοῖς
555 931 728 979 ὑμετέροις
757 931 873 968 αὐτῶν
900 930 1021 978 Φίλοις
1045 930 1321 977 τετιμωρηκότες
1350 930 1492 980 ἔσεσθε,

174 997 300 1038 ἔπειτα
327 1004 400 1042 τοῖς
427 1001 536 1038 πᾶσιν
559 1000 742 1046 ἀνθρώποις
769 997 887 1045 δόξετε
909 998 1029 1037 δίκαια
1051 998 1114 1037 καὶ
1135 996 1215 1037 ὅσια
1237 999 1490 1047 ψηφίσασθαι,

174 1068 319 1106 omissis
347 1068 522 1108 τάναντία
539 1073 612 1111 τοῖς
631 1068 819 1118 τριάκοντα
836 1066 1061 1117 ψηφίζησθε,
1087 1067 1223 1118 quibus
1242 1068 1367 1108 nescio
1381 1082 1493 1120 quem

174 1136 271 1176 illud
292 1139 362 1186 οὐχ
380 1138 561 1186 ὁμόψηφοι
574 1138 745 1184 γίγνησθε
759 1137 960 1188 explicasse
979 1141 1084 1188 puto.
1121 1136 1349 1189 Quicunque
1368 1144 1494 1177 autem

176 1205 272 1244 hanc
293 1205 574 1257 explicationem
594 1205 739 1244 addidit
758 1218 872 1257 supra
888 1205 1022 1256 legisse
1043 1205 1192 1244 videtur
1212 1207 1406 1254 τάναντία,
1431 1206 1494 1245 ad-

176 1274 257 1313 dito
277 1275 453 1322 articulo,
475 1275 540 1326 qui
561 1275 671 1325 plane
691 1274 920 1314 necessarius
941 1280 997 1312 est
1010 1279 1162 1326 propter
1174 1275 1258 1313 illas
1273 1276 1371 1326 ipsas
1386 1277 1494 1314 ratio-

176 1356 253 1390 nes,
269 1356 362 1394 quas
374 1342 649 1393 Frohbergerus
665 1342 802 1390 attulit,
818 1346 863 1381 ut
877 1341 1026 1380 articuli
1039 1343 1276 1382 omi-ionem
1291 1347 1493 1383 excusaret.

276 1616 457 1656 ORATIO
485 1617 592 1656 XIV.
647 1618 776 1658 Κατὰ
808 1617 1093 1664 Ἀλκιβιάδου
1125 1620 1401 1668 λιποταξίου.

235 1754 256 1805 ξ
283 1756 321 1794 4.
378 1753 556 1805 Legimus
590 1755 629 1793 in
664 1754 857 1794 Palatino:
914 1755 1017 1800 Εἰκὸς
1045 1756 1156 1796 τοίνυν
1181 1757 1297 1804 ἐστίν,
1326 1755 1352 1796 ὦ
1378 1758 1496 1807 ἄνδρες

181 1823 368 1868 δικασταί,
409 1822 450 1869 ἐξ
485 1822 525 1862 οὗ
560 1824 623 1868 τὴν
657 1825 786 1872 εἰρήνην
814 1824 1076 1874 ἐποιησάμεθα,
1105 1829 1237 1874 πρῶτον
1264 1826 1342 1875 περὶ
1369 1828 1499 1867 τούτων

182 1891 253 1931 νυνὶ
294 1891 497 1940 δικάζοντας
531 1894 582 1939 μὴ
609 1892 712 1939 μόνον
739 1893 910 1935 δικαστὰς
938 1894 1042 1932 ἀλλὰ
1068 1894 1129 1932 καὶ
1157 1895 1344 1941 νομοθέτας
1371 1897 1499 1940 αὐτοὺς

182 1961 367 2011 γενέσθαι,
397 1960 436 2001 εὖ
463 1961 598 2005 εἰδότας
630 1961 703 2009 ὅτι,
734 1960 826 2005 ὅπως
854 1961 898 2001 ἂν
926 1963 1026 2008 ὑμεῖς
1045 1963 1115 2003 νυν)
1134 1963 1211 2012 περὶ
1230 1965 1345 2004 αὐτῶν
1363 1968 1498 2016 γνῶτε,

180 2029 268 2070 οὕτω
296 2030 357 2069 καὶ
385 2030 444 2069 τὸν
471 2029 583 2069 ἄλλον
609 2030 730 2079 χρόνον
758 2033 778 2076 ἦ
806 2031 909 2074 πόλις
937 2033 1056 2075 αὐτοῖς
1082 2033 1269 2080 χρήσεται.

237 2098 331 2138 Vult
354 2105 483 2137 orator
509 2099 549 2138 ni
577 2099 707 2139 fallor:
735 2112 852 2147 „vos‚
881 2099 1044 2146 iudices,
1074 2100 1206 2152 primi,
1236 2115 1281 2140 ex
1310 2115 1385 2153 quo
1413 2116 1499 2142 cum

181 2167 509 2214 „Lacedaemoniis
549 2181 675 2219 paoem
713 2169 1009 2219 composuimus,
1049 2169 1186 2208 sedetis
1224 2170 1262 2208 in
1299 2184 1410 2209 causa
1436 2172 1501 2210 δει-

181 2235 292 2284 „alone
334 2241 371 2275 et
412 2237 648 2286 ἀστρατείας,
693 2240 730 2275 et
773 2242 884 2288 prout
922 2238 1044 2277 vestra
1071 2239 1256 2278 sententia
1284 2253 1408 2279 severa
1436 2246 1502 2279 aut

182 2305 328 2352 „facilis
372 2306 463 2352 erit,
507 2306 545 2343 in
589 2294 778 2356 posteru‘m
822 2318 946 2344 severe
989 2310 1055 2344 aut
1095 2307 1203 2345 facile
1245 2313 1375 2358 agetur
1416 2322 1501 2347 cum

184 2373 355 2425 „ignavis
383 2379 420 2412 et
447 2374 515 2420 iis,
545 2374 612 2425 qui
638 2373 810 2412 militiam
840 2373 1149 2414 detrectaverint:
1179 2376 1307 2428 magni
1326 2376 1418 2416 adeo
1433 2378 1503 2417 rei-

185 2443 384 2494 „publicae
421 2444 576 2482 interest
618 2444 659 2483 in
686 2450 808 2482 utram
837 2449 979 2495 partem
1009 2457 1073 2482 vos
1101 2446 1324 2484 sententiam
1351 2446 1500 2496 feratis,
