1701 2839
188 155 237 191 52
721 166 862 192 οκΔτιο
888 165 981 203 vxxv->

185 280 268 314 sent
306 275 411 326 (ibid.
439 276 461 327 ᾧ
489 277 567 325 24).
624 273 737 323 Quod
766 287 851 314 cum
880 275 934 313 ita
962 273 1032 320 sit,
1067 286 1143 312 non
1172 273 1253 312 sine
1283 274 1359 312 veri
1390 263 1510 325 specie

184 343 380 383 Scheibius
422 344 582 383 coniecit
622 344 703 386 τοὺς
745 343 1076 392 ἀπογραψαμένους
1118 341 1349 381 Ἐλευσῖνάδε
1382 346 1510 381 nostro

185 413 267 450 loco
296 425 376 450 esse
404 426 467 450 eos
496 426 540 450 ex
568 412 711 451 urbana
738 412 921 457 factione,
952 412 1019 462 qui
1048 410 1119 450 sibi
1138 414 1348 456 metuentes
1360 409 1512 450 nomina

186 480 377 519 dedissent
404 481 502 519 inter
529 494 611 527 eos,
646 482 713 532 qui
740 480 934 532 Spartanis
963 479 1180 518 auctoribus
1206 478 1422 528 Eleusinem
1451 478 1513 517 ha-

186 551 348 589 bitatum
376 551 588 589 concessuri
617 555 747 603 erant5
792 550 897 589 Inter
924 550 993 588 hos
1023 541 1171 595 autem}
1201 554 1245 588 ut
1273 552 1402 587 nostro
1428 548 1513 587 loco

186 618 226 655 in
264 617 391 655 codice
428 618 540 656 unico
568 618 749 669 legimus,
781 622 907 664 erant,
938 618 1004 668 qui
1034 617 1219 657 sententia
1245 621 1391 656 mutata
1417 616 1514 663 ἐξελ-

184 685 300 725 θόντες
336 687 414 732 μεθ’
452 687 547 733 ὑμῶν
582 688 839 732 ἐπολιορκοῦντο
876 687 955 733 μεθ’
993 687 1131 736 αὑτῶν,
1172 686 1274 739 quod
1304 690 1510 727 monstrum

184 753 282 791 idem
321 753 516 793 Scheibius
556 767 754 805 procurare
792 760 948 793 conatus
979 756 1159 794 coniecit:
1189 755 1405 803 ἐπολιόρκουν
1432 757 1513 799 τοὺς

185 824 263 871 μεθ’
300 824 435 870 αὐτῶν,
479 823 519 863 in
558 837 634 875 qua
671 824 884 864 coniectura
919 824 1033 864 laudo
1061 823 1141 869 τούς
1169 818 1418 865 substitutum
1446 839 1513 877 pro

185 906 245 938 το,
285 904 512 943 quamquam
550 891 740 943 Kayserus
778 893 860 931 iure
895 893 1030 944 opinor
1057 893 1252 932 contendit
1278 893 1413 944 Lysiae
1441 907 1515 933 ma-

189 974 279 999 num
309 961 361 999 sic
389 960 557 1000 nondum
585 961 798 1001 restitutam
828 975 931 1008 esse,
961 962 1102 1013 requiri
1131 963 1230 1002 enim
1257 963 1338 1007 τοὺς
1357 964 1515 1012 πρότερον

190 1030 268 1076 μεθ’
297 1031 422 1085 αὑτῶν
439 1029 543 1073 ὄντας
571 1031 628 1068 vel
657 1031 777 1069 simile
807 1028 911 1081 quid.
962 1031 1059 1070 Mihi
1087 1031 1218 1082 Lysias
1248 1032 1438 1083 scripsisse
1466 1032 1517 1070 vi·

189 1098 318 1136 detur:
349 1098 564 1146 ἐπολιόρκουν
591 1100 671 1141 τοὺς
701 1099 799 1141 μετὰ
826 1103 893 1137 τῶν
921 1106 979 1145 λ’,
1009 1100 1033 1137 i.
1064 1113 1095 1137 e.
1117 1099 1316 1139 factionem
1335 1103 1403 1139 τῶν
1420 1100 1515 1148 τριάε

189 1180 314 1213 κοντα,
358 1179 453 1217 quae
495 1166 681 1217 refugium
724 1167 795 1206 sibi
837 1168 1046 1218 quaesierat
1087 1167 1285 1214 Eleusine,
1320 1173 1365 1207 ut
1403 1182 1518 1230 supra

191 1235 580 1274 commemoravimus:
617 1249 714 1286 quae
743 1236 855 1274 lectio
884 1250 992 1287 quam
1023 1241 1111 1287 apta
1137 1237 1186 1275 sit
1213 1242 1342 1276 nostro
1369 1238 1451 1276 loco
1480 1243 1518 1276 et

191 1317 304 1355 quam
341 1303 448 1342 facile
486 1316 614 1342 ansam
643 1303 730 1343 dare
758 1306 923 1356 potuerit
953 1305 1125 1358 vulgatae
1155 1305 1326 1353 lectioni,
1357 1320 1433 1347 non
1462 1313 1518 1347 est

192 1374 295 1424 quod
323 1373 455 1412 multis
483 1373 748 1412 demonstrem.

245 1444 267 1493 ξ
296 1444 358 1481 13.
415 1440 512 1480 vide
541 1441 586 1480 ad
616 1441 681 1480 or.
717 1444 761 1489 1,
790 1444 811 1494 s
846 1444 905 1482 13.

243 1516 264 1566 ᾗ
291 1516 355 1553 20.
413 1512 512 1552 Vide
539 1512 585 1551 ad
613 1512 679 1552 Or.
711 1514 782 1559 15,
811 1514 832 1564 ξ
860 1515 896 1552 6.

245 1584 266 1634 ἦ
295 1584 359 1621 88.
416 1581 486 1620 Καὶ
514 1580 666 1626 δέξαιντ’
697 1581 742 1619 ἂν
769 1581 896 1629 μικρὰν
925 1579 1013 1620 εἶναι
1041 1582 1105 1625 τὴν
1133 1582 1236 1621 πόλιν
1263 1584 1405 1628 μᾶλλον
1434 1582 1520 1627 ἢδι’

193 1650 327 1694 ἄλλους
364 1649 534 1698 μεγάλην
567 1650 628 1689 καὶ
662 1650 864 1698 ἐλευθέραν,
896 1649 1080 1697 ἡγούμενοι
1109 1654 1168 1689 νῦν
1194 1651 1260 1695 μὲν
1287 1650 1346 1690 διὰ
1372 1651 1453 1694 τοὺς
1481 1652 1522 1690 ἐκ

192 1723 359 1768 Πειραιῶς
397 1719 518 1762 αὐτοῖς
546 1717 674 1763 ἐξεῖναι
704 1722 812 1757 ποιεῖν
840 1716 861 1756 δ’
884 1733 919 1756 τι
948 1717 993 1756 ἂν
1020 1718 1237 1767 βούλωνται,
1267 1718 1331 1757 ἐὰν
1359 1718 1391 1757 δ’
1418 1718 1524 1758 fier-3⁴

193 1803 246 1837 ρον
274 1788 357 1833 ὑμῖν
383 1787 433 1827 δι’
460 1786 593 1836 ἐτέρους
622 1786 777 1834 σωτηρία
804 1785 975 1833 γένηται,
1005 1786 1150 1830 τούτους
1178 1786 1244 1831 μὲν
1271 1787 1521 1833 ἐπιλύσεσθαι,

184 1857 341 1901 ἐκείνους
383 1857 418 1895 δὲ
460 1855 579 1905 μεῖζον
620 1856 842 1901 δυνήσεσθαι·
880 1855 970 1894 ὥστε
1005 1856 1046 1894 τὸ
1083 1855 1171 1894 αὐτὸ
1205 1855 1338 1899 πάντες
1366 1856 1524 1901 ἐμποδών

194 1927 302 1971 εἰσιν,
333 1925 395 1966 εὀὶν
423 1940 457 1964 τι
486 1924 535 1963 δι’
564 1923 686 1963 ἄλλων
713 1923 849 1970 ἀγαθὸν
878 1924 961 1969 ὑμῖν
988 1924 1175 1971 <palum-m.

252 1993 376 2033 Locus
405 1992 554 2032 duobus
583 1992 684 2031 vitiis
713 1992 881 2038 laborat,
912 2005 1071 2042 quorum
1094 2005 1213 2031 unum
1235 1992 1434 2038 exemeris,
1459 1992 1526 2032 ubi

200 2076 268 2114 pro
295 2062 456 2101 lectione
484 2061 626 2100 codicis
655 2061 885 2100 ἐπιλύσεσθαι
912 2060 1122 2111 reposueris
1142 2060 1432 2108 παραλύσεσθαι,
1454 2061 1531 2115 001--

200 2132 278 2170 lato
306 2130 394 2182 Lys.
424 2130 491 2169 Or.
521 2129 645 2177 XIII,
674 2131 695 2181 ᾗ
722 2131 795 2169 46:
824 2129 884 2168 καὶ
914 2130 935 2174 ἦ
964 2129 1111 2176 δύναμις
1140 2127 1273 2168 ἅπασα
1299 2133 1363 2174 τῆς
1390 2129 1525 2173 πόλεως

200 2199 400 2246 παρελύθηε
448 2198 551 2249 quod
595 2198 694 2236 enim
734 2198 800 2236 alii
838 2202 1114 2249 proposuerunt
1152 2190 1419 2236 καταλύσεσθαι
1461 2198 1527 2236 mi-

201 2282 273 2308 nus
315 2267 457 2320 placet,
502 2266 679 2319 quoniam
724 2270 849 2306 orator
889 2279 964 2305 non
1008 2265 1111 2313 vult,
1143 2265 1286 2313 „malos
1315 2265 1400 2305 illos
1428 2266 1526 2306 cives

201 2341 388 2381 metuere,
432 2350 479 2374 ne
525 2336 688 2386 ipsorum
733 2335 933 2373 auctoritas
974 2348 1122 2384 prorsus
1164 2334 1381 2383 evertatur,'’
1425 2336 1526 2385 quod

201 2405 298 2444 foret
335 2404 625 2449 καταλύσεσθαι,
665 2403 730 2443 sed
759 2417 833 2451 „ne
862 2403 1029 2455 ipsorum
1058 2401 1258 2441 auctoritas
1286 2401 1467 2442 minuatur
1494 2406 1530 2442 eb

201 2472 444 2518 debilitetur?
472 2472 497 2509 i.
528 2485 558 2509 e.
590 2472 881 2518 παραλύσεσθαι,
912 2484 987 2520 qua
1018 2470 1289 2519 significatione
1318 2470 1355 2507 h.
1385 2470 1410 2508 l.
1432 2484 1527 2520 opus
