1701 2839
187 136 238 171 42
708 147 856 175 omno
882 147 964 175 ιιι.

182 254 234 292 ois
263 254 295 293 G
325 261 409 306 post
437 256 554 300 ἐπειδή
583 256 726 307 aliquid
755 256 880 295 deesse
908 242 1093 295 asteriscis
1122 256 1392 307 significarunt.
1437 257 1511 296 Po-

179 329 253 363 test
282 325 382 371 fieri,
415 330 457 364 ut
485 325 545 364 hic
566 339 693 366 verum
718 326 872 372 viderit,
901 339 969 366 nec
991 331 1114 365 tamen
1134 325 1283 375 celabo,
1305 325 1398 378 quid
1413 326 1505 365 mihi

179 394 219 432 in
263 401 423 433 mentem
468 396 631 434 venerit:
676 410 808 447 nempe
850 396 943 434 duas
988 397 1124 446 primas
1158 396 1301 435 litteras
1331 395 1503 435 vocabuli

180 463 317 508 ἐπειδή,
349 464 487 515 quippe
515 469 623 503 natas
652 479 695 504 ex
726 465 983 517 dittographia
1010 464 1151 504 caudae
1178 464 1344 505 adverbii
1372 477 1516 516 praeoe-

182 530 304 569 dentis
345 531 513 577 ἄλλοθεν,
554 532 731 571 delendas
770 548 872 579 esse,
903 540 939 572 et
968 547 1063 584 quae
1093 539 1235 573 restant
1262 534 1405 573 litteras
1438 534 1509 579 ειδη

181 599 443 651 dispescendas
482 615 561 640 esse
600 603 639 640 in
680 603 710 640 εἰ
740 603 770 641 δ’
799 600 859 650 ἦν,
889 603 1014 642 littera
1043 618 1081 650 ν,
1111 617 1176 655 per
1206 603 1379 642 lineolam
1417 603 1512 642 indi-

122 687 140 702 π
180 675 283 716 cata,
325 683 369 708 ex
408 671 545 709 exsilio
583 677 774 718 revocata,
810 676 853 711 ut
881 673 1071 723 scripserit
1098 673 1251 724 Lysias:
1280 675 1342 713 οὐκ
1368 672 1439 721 ἔφη
1468 669 1513 711 εἶ·

180 753 236 777 ναι
275 762 350 787 -—-,
391 739 420 778 εἰ
457 739 487 777 δ’
519 737 560 784 ἦν
588 739 698 785 ἥδιστ’
727 739 771 779 ἂν
799 741 981 788 ἀνθρώπων
1009 739 1113 788 ἄγειν
1140 742 1215 781 κτὲ.
1273 740 1445 792 Negabat
1473 754 1511 779 se

180 808 376 858 pecuniam
406 801 577 854 habere,⁸
593 809 657 847 sed
686 809 718 847 si
738 809 890 848 haberet
910 810 1033 849 aiebat
1051 824 1090 848 se
1109 810 1367 849 lubentissime
1382 822 1506 848 secum

180 875 383 914 ducturum
413 876 527 914 fuisse
556 890 619 914 vas
647 877 743 915 illud
773 891 938 916 aureum.

231 945 252 995 ξ
280 947 344 983 36.
397 944 481 984 ’Έτι
523 945 560 985 δὲ
601 946 792 994 <pachom-m
833 946 926 986 οὐδὲν
968 942 1111 986 πώποτε
1138 946 1393 995 διενεχθέντες,
1422 944 1505 985 ὥστ’

178 1014 268 1056 εἰκὸς
306 1014 366 1052 καὶ
407 1014 483 1063 περὶ
521 1019 589 1053 τῶν
627 1016 825 1063 χρημάτων
861 1016 983 1055 ταύτὰ
1011 1019 1164 1062 γνῶναι,
1194 1016 1254 1054 καὶ
1282 1016 1332 1055 τὰ
1359 1015 1425 1061 μὲν
1454 1015 1506 1054 ἐν·

178 1083 260 1123 odas
301 1085 350 1131 τῷ
393 1084 463 1122 υἱεῖ
500 1084 661 1132 ἑκάτερον
704 1090 942 1134 καταλιπεῖν,
985 1086 1035 1124 τὰ
1077 1085 1107 1124 δ’
1144 1085 1247 1124 ἄλλοι
1275 1086 1359 1132 παρ’
1388 1085 1505 1127 αὐτοῖς

178 1151 275 1199 ἔχειν
289 1163 296 1171 ·
337 1150 376 1196 ἦν
409 1151 481 1199 γὰρ
515 1152 638 1191 Κόνωνι
667 1153 733 1199 μὲν
761 1153 832 1195 υἱὸς
860 1153 895 1191 ἐν
923 1152 1049 1201 Κύπρῳ
1076 1153 1137 1191 καὶ
1166 1153 1276 1199 γυνή,
1305 1152 1506 1201 Νικοφήμῳ

177 1220 213 1259 δὲ
255 1222 345 1266 γυνὴ
387 1221 448 1260 καὶ
490 1221 670 1271 θυγάτηρ,
714 1223 861 1268 ἡγοῦντο
898 1222 934 1260 δὲ
967 1222 1027 1261 καὶ
1056 1222 1106 1261 τὰ
1134 1222 1209 1261 ἐκεῖ
1231 1221 1354 1268 ὁμοίως
1380 1221 1504 1271 σφίσιν

179 1287 267 1327 εἶναι
296 1291 346 1327 σᾶ
374 1288 489 1337 ὥσπερ
516 1290 576 1328 καὶ
605 1290 654 1328 τὰ
682 1289 811 1329 ἐνθάδε.

237 1358 380 1396 Haereo
419 1358 458 1396 in
493 1358 562 1396 his.
622 1357 746 1397 Habet
775 1358 904 1397 Conon
935 1358 1056 1397 filium
1084 1358 1202 1397 ἐνθάδε
1232 1358 1416 1404 Athenis,
1441 1357 1503 1396 oui

179 1431 319 1477 partem
363 1424 545 1465 bonorum
584 1427 822 1470 καταλείπει,
867 1432 908 1465 ut
946 1431 1001 1465 est
1037 1427 1076 1465 in
1115 1427 1225 1465 initio
1258 1426 1371 1465 huius
1401 1440 1506 1477 para-

177 1495 309 1547 graphi
318 1512 329 1543 3
360 1495 534 1548 idemque
563 1495 676 1535 habet
703 1496 743 1535 in
773 1495 896 1548 Cypro
925 1495 1045 1535 filium
1074 1500 1111 1535 et
1139 1509 1305 1535 uxorem.
1345 1494 1503 1535 Habuit-

177 1579 224 1603 ne
263 1579 350 1615 ergo
386 1565 481 1603 duos
509 1565 634 1603 filios?
676 1565 853 1603 Minime:
885 1566 923 1603 in
953 1570 1175 1604 testamento
1205 1565 1326 1611 enim,
1357 1564 1403 1603 de
1431 1578 1507 1615 quo

177 1634 261 1672 vide
287 1635 337 1685 ῥῷ
365 1636 415 1672 40
447 1639 484 1672 et
513 1637 588 1681 41,
629 1647 705 1672 non
733 1635 807 1673 nisi
835 1634 881 1672 de
912 1647 987 1673 uno
1016 1634 1093 1672 filio
1126 1647 1244 1672 sermo
1273 1638 1349 1672 est:
1385 1646 1505 1684 neque

176 1718 272 1742 uxor
312 1704 365 1742 ibi
406 1709 644 1742 memoratur.
702 1703 834 1742 Potuit
874 1717 962 1742 sane
1000 1704 1101 1749 fieri,
1141 1709 1185 1741 ut
1223 1703 1331 1742 ambo
1365 1703 1503 1741 mortui

177 1777 301 1811 essent
321 1777 406 1811 ante
426 1771 639 1820 Cononem,
662 1773 830 1824 quamvis
850 1772 981 1824 Lysias
1000 1772 1116 1811 huius
1135 1772 1188 1811 rei
1208 1772 1349 1811 nullam
1370 1771 1502 1810 menti-

176 1855 285 1880 onem
319 1842 450 1888 faeiat,
481 1842 544 1880 sed
575 1856 723 1888 vereor,
744 1856 791 1880 ne
812 1842 881 1880 hac
900 1841 1114 1880 defensione
1129 1841 1226 1879 nihil
1241 1841 1477 1892 proficiamus
1492 1870 1502 1886 ,

175 1911 411 1949 vehementer
439 1911 537 1950 enim
565 1916 736 1950 nostrum
764 1911 888 1949 locum
915 1910 962 1949 de
981 1910 1268 1961 interpolatione
1288 1914 1527 1962 suspectum-

174 1979 305 2018 haben.
349 1979 538 2018 Nimirum
568 1980 699 2018 verba:
729 1977 769 2024 ἦν
796 1980 869 2028 γὰρ
897 1978 1021 2018 Κόνωνι
1051 1979 1117 2025 μὲν
1146 1979 1215 2022 υἱὸς
1244 1980 1279 2018 ἐν
1297 1979 1425 2027 Κύπρῳ
1442 1980 1504 2018 καὶ

173 2049 284 2099 γυνή,
323 2049 524 2099 Νικοφήμῳ
560 2049 595 2088 δὲ
635 2051 724 2096 γυνὴ
759 2048 819 2088 καὶ
848 2047 1006 2098 θυγάτηρ
1037 2048 1193 2099 pessime
1223 2048 1503 2100 interrumpunt

173 2119 304 2157 seriem
333 2118 535 2165 orationis,
565 2122 603 2157 et
632 2131 718 2170 prae
747 2132 785 2157 se
809 2118 934 2157 ferunt
953 2118 1112 2169 speciem
1132 2117 1383 2156 annotationis
1404 2117 1496 2156 satis

172 2187 356 2229 insulsae.
391 2186 599 2237 adscriptae
639 2201 661 2225 a
688 2187 847 2233 lectore,
880 2192 922 2225 ut
951 2186 1173 2237 explicaret,
1203 2199 1271 2225 cur
1299 2186 1431 2225 Conon
1463 2191 1501 2225 et

172 2253 431 2305 Nicophemus
460 2254 709 2293 decrevissent
737 2259 879 2306 partem
910 2254 1092 2293 bonorum
1121 2256 1206 2302 παρ’
1224 2255 1361 2297 ἑωυτοῖς
1381 2254 1499 2303 ἔχειν,

171 2324 280 2362 cuius
309 2324 362 2362 rei
391 2337 539 2362 causam
569 2324 764 2374 aliquanto
794 2323 1079 2374 probabiliorem
1105 2323 1184 2374 ipse
1213 2321 1343 2374 Lysias
1372 2323 1497 2362 statim

171 2392 370 2440 subiungit
378 2408 389 2439 5
426 2393 513 2443 qui,
543 2392 575 2431 si
604 2406 716 2444 quam
745 2393 903 2431 maxime
932 2392 1043 2431 verba
1071 2398 1242 2442 suspecta
1270 2391 1316 2430 ab
1345 2404 1389 2430 eo
1418 2404 1499 2443 pro·

170 2462 269 2502 fecta
296 2466 441 2510 essent,
471 2462 601 2501 saltem
631 2463 838 2514 scripsisset
866 2461 979 2511 ἕτερος
1010 2460 1100 2509 υἱός,
1131 2474 1206 2500 non
1226 2461 1280 2500 sic
1297 2460 1398 2500 nude
1412 2460 1497 2505 υἱός.
