1701 2839
725 109 865 137 ORATIO
893 109 952 136 111.
1481 98 1504 135 9

239 217 367 256 Simon
401 219 510 256 tectis
545 217 667 256 verbis
702 217 872 268 loquitur
899 217 946 255 de
974 216 1165 267 impudico
1194 229 1261 253 suo
1293 229 1438 262 amore,
1470 220 1508 254 et

187 274 382 338 hucusque
410 286 457 326 de
484 286 622 326 amasio
649 285 845 325 Theodoto
872 299 919 325 ne
943 284 1098 324 verbum
1127 283 1277 335 quidem
1299 284 1398 323 feeit.
1438 284 1509 323 De-

187 356 338 395 leverim
359 356 475 408 igitur
497 355 580 404 πρὸς
602 356 643 394 τὸ
666 354 840 403 μειράκιον
847 358 1015 405 ‚utpote
1039 366 1083 392 ex
1108 354 1349 393 annotatione
1370 359 1507 392 ortum.

241 426 263 477 ξ
290 425 313 463 8
348 425 416 476 (†).
472 424 520 463 In
562 424 734 462 Palatino
776 427 853 461 est:
901 422 1041 469 ἔβαλλέ
1077 437 1125 469 με
1159 423 1275 466 λίθοις.
1327 424 1388 461 καὶ
1417 423 1504 470 ἐμοῦ

187 495 252 540 μὲν
279 492 498 542 ἁμαρτάνει,
527 492 815 540 Ἀριστοκράτους
843 491 901 536 δέ,
921 489 957 534 ὃς
977 492 1063 539 παρ’
1080 491 1146 537 ἐμὲ
1165 489 1248 536 ἦλθε
1266 493 1350 537 μετ’
1373 493 1481 530 αὐτοῦ
1494 521 1505 535 ,

187 561 312 608 βαλὼν
339 557 624 609 λίθῳσυντρίβει
649 559 693 598 ’τὸ
721 558 896 606 μέτωπον.

243 629 428 681 Expunge
455 628 598 680 puerile
624 628 750 675 βαλὼν
776 628 869 676 λίθῳ.

243 698 264 749 ξ
293 698 342 735 ll
374 698 439 748 (†).
492 696 687 735 Palatinus
726 696 895 747 praebet:
939 695 1000 734 καὶ
1039 693 1130 734 οὗτοι
1167 695 1234 742 μὲν
1269 695 1413 744 ἠρίστων
1451 695 1511 734 καὶ

191 766 304 807 ἔπινον
314 796 326 814 ,
354 765 528 817 Φύλακας
558 765 593 805 δὲ
620 765 848 811 κατέστησαν
865 764 924 805 ἐπὶ
949 768 1011 804 τοῦ
1029 764 1178 812 τέγους,
1197 762 1240 804 ἵν’
1259 764 1364 804 ὃπότε
1384 763 1512 811 ἐξέλθοι

191 828 233 876 τὸ
259 835 434 885 μειράκιον
460 834 710 884 εἰσαρπάσειαν
735 833 853 875 αὐτόν.
884 837 943 874 Ἐν
966 835 1001 873 δὲ
1023 833 1135 883 τούτῳ
1152 835 1202 883 τῷ
1225 835 1330 883 καιρῷ
1348 835 1515 884 ἀφικνοῦ-

192 918 261 952 μαι
288 905 358 952 ἐγὼ
386 905 425 944 ἐκ
452 896 619 953 Πειραιῶς
645 903 707 943 κα)
735 903 908 952 τρέπομαι
936 904 1064 952 παριὼν
1091 904 1136 946 ὥς
1164 903 1223 942 τὸν
1250 903 1478 952 Λυσίμαχον.

248 972 303 1011 Ni
328 973 457 1019 fallor,
486 972 619 1023 Lysiae
648 972 766 1010 oratio
795 972 989 1022 aliquanto
1015 972 1232 1010 concinnior
1252 976 1289 1010 et
1307 972 1515 1022 elegantior

194 1041 278 1088 fiet,
308 1041 339 1079 si
372 1054 517 1080 mecum
545 1040 754 1092 reposueris
782 1039 937 1090 φύλακα
965 1041 1261 1086 καταστήσαντες
1290 1041 1347 1079 ἐπὶ
1372 1043 1434 1079 τοῦ
1461 1040 1516 1079 τέ-

144 1122 147 1124 ’
193 1109 298 1156 γους,
342 1110 380 1147 in
423 1109 561 1160 quibus
598 1109 698 1159 quod
735 1109 876 1147 correxi
912 1109 1067 1155 Φύλακα
1104 1122 1171 1159 pro
1197 1109 1371 1157 φύλακας
1400 1092 1515 1147 ἆεδθο

194 1177 348 1217 Gobeto.
404 1176 547 1223 Caussa
587 1176 819 1229 corruptelae
847 1181 974 1229 aperta
1001 1181 1069 1215 est.
1126 1176 1172 1215 In
1201 1176 1327 1216 codice
1356 1177 1514 1228 antiquo

194 1247 374 1297 scriptum
413 1250 492 1284 erat
528 1246 682 1294 φύλακα
719 1247 956 1290 καταστήσαν
985 1242 1076 1283 οιιῐιὶ
1104 1245 1325 1295 compendio
1353 1245 1515 1295 syllabae

194 1329 276 1358 τεςε
315 1313 488 1353 librarius
526 1313 789 1365 compendium
827 1313 989 1365 syllabae
1017 1328 1077 1357 τες
1105 1312 1276 1352 confudit
1307 1326 1391 1352 cum
1420 1326 1516 1352 com·
1568 1314 1574 1319 '

199 1383 334 1434 pendio
363 1383 569 1433 particulae
597 1383 634 1421 δέ
661 1387 699 1420 et
726 1383 875 1433 scripsit
901 1382 1138 1427 κατάστησαν
1166 1383 1217 1429 δὲ,
1249 1383 1350 1433 quod
1384 1383 1518 1420 deinde

198 1455 404 1491 conectam
434 1455 490 1491 est
517 1450 558 1490 in
585 1450 621 1490 δὲ
648 1451 892 1499 κατέστησαν,
907 1442 968 1490 ¹ne
996 1450 1101 1490 locus
1121 1450 1230 1503 plane
1250 1464 1362 1490 sensu
1380 1464 1519 1490 vacuus

205 1525 313 1558 esset.
343 1520 400 1558 Cf.
430 1520 533 1558 Bast.
564 1519 611 1557 ad
640 1520 753 1570 Greg.
783 1519 869 1557 Gor.
899 1533 935 1570 p.
960 1521 1052 1558 378.
1081 1520 1129 1557 In
1149 1520 1390 1569 sequentibus
1409 1533 1519 1557 nemo

195 1588 305 1628 facile
332 1588 487 1635 dixerit,
518 1587 611 1640 quid
638 1588 689 1627 sit
716 1587 902 1637 τρέπομαι.
946 1587 1122 1639 Suspicor
1148 1587 1298 1639 Lysiam
1328 1587 1517 1639 scripsisse

198 1657 443 1706 κάκτρέπομαι
457 1687 468 1702 ,
507 1662 541 1695 et
577 1659 752 1702 devertor,
792 1657 1004 1706 scribasque
1041 1668 1183 1694 craseos
1219 1670 1367 1694 securos
1395 1657 1520 1694 locum

195 1724 417 1777 corrupisse.
705 1727 709 1730 ’

249 1795 270 1846 ξ
301 1796 363 1833 12.
420 1794 539 1841 ὀλίγον
581 1794 617 1832 δὲ
657 1795 778 1842 χρόνον
821 1794 922 1844 apud
963 1792 1229 1844 Lysimachum
1270 1794 1517 1842 διατρίψαντες

196 1862 415 1913 ἐξερχόμεθα
443 1863 505 1910 ἤδη
533 1863 729 1910 μεθύοντες.
785 1860 874 1902 οὗτοι
902 1862 932 1902 δ’
959 1862 1150 1907 ἐκπηδῶσιν
1178 1864 1239 1912 ἐφ’
1266 1864 1377 1909 ἡμᾶς.

252 1932 415 1979 Locum,
458 1945 569 1983 quem
607 1935 823 1983 corruptum
854 1945 933 1970 esse
961 1945 1088 1970 omnes
1121 1932 1361 1970 consentiunt
1389 1936 1426 1969 et
1454 1931 1518 1968 alii

199 2001 306 2039 aliter
349 1999 543 2038 emendare
585 2000 709 2038 conati
751 2003 860 2046 sunt,
905 1999 992 2037 dedi
1030 2000 1129 2038 sicut
1162 2000 1203 2037 in
1232 1999 1431 2050 archetypo
1460 2012 1520 2037 ex-

196 2073 282 2109 stat.
339 2068 661 2120 Simplicissimum
700 2067 847 2106 videtur
886 2068 1113 2119 transposito
1150 2067 1187 2106 δέ
1212 2067 1354 2119 legere:
1389 2067 1451 2112 ἤδη
1483 2067 1518 2106 δὲ

196 2138 380 2187 μεθύοντες
412 2136 502 2177 οὗτοι
539 2137 729 2182 ἐκπηδῶσιν
762 2137 823 2186 ἐφ’
852 2139 971 2184 ἡμᾶς,
1001 2137 1040 2175 in
1070 2137 1208 2187 quibus
1237 2150 1284 2175 ne
1313 2150 1423 2187 quem
1452 2137 1515 2182 ἤδη

196 2207 233 2247 δέ
263 2204 448 2254 offendat,
481 2205 646 2245 conferat
677 2206 780 2257 §IL
814 2205 881 2245 ubi
900 2205 1072 2245 similiter
1091 2205 1249 2257 legitur:
1279 2205 1455 2245 Μόλωνα.
1468 2235 1496 2244 ..
1510 2234 1518 2244 .

198 2275 407 2325 συνέκοψαν.
445 2275 539 2320 ’Ἤδη
567 2274 597 2313 δ’
625 2275 746 2318 αὐτοῖς
773 2272 846 2313 οὖσι
877 2275 979 2322 παρὰ
1003 2275 1066 2320 τὴν
1093 2275 1297 2322 Λάμπωνος
1320 2275 1430 2313 οἰκίαν
1451 2275 1521 2320 ἐγὼ

201 2343 303 2392 μόνος
335 2343 490 2393 βαδίζων
516 2343 741 2392 ἐντυγχάνω.

256 2414 278 2465 ξ
305 2415 368 2452 28.
424 2413 536 2460 Λέγει
564 2413 595 2452 δ’
622 2415 667 2457 ὡς
695 2414 797 2460 ἡμεῖς
830 2412 979 2460 ἤλθομεν
1006 2412 1064 2451 ἐπὶ
1096 2414 1159 2458 τὴν
1181 2414 1291 2452 οἰκίαν
1313 2413 1377 2457 τὴν
1396 2412 1522 2451 τούτου

1353 2481 1376 2515 2
