1701 2839
183 151 233 188 26
718 159 858 186 ORATIO
886 158 972 185 1111.

182 269 468 316 μεταπέμπεται
502 268 566 313 την
597 267 761 317 ἀδελφὴν
796 267 861 312 τὴν
898 266 1001 314 ἐμὴν.
1023 266 1072 309 εἰς
1099 267 1140 305 τὸ
1168 265 1421 314 δεσμωτήριον,
1446 278 1516 313 γυ-

184 343 292 377 ναῖκα
320 338 447 376 ἑαυτοῦ
476 334 595 376 οὖσαν.
1492 334 1495 337 ”

241 405 428 457 Repetitio
458 404 655 443 verborum
682 404 730 447 εἶς
758 403 799 442 τὸ
826 403 1056 452 δεσμωτήριον
1076 415 1153 442 non
1172 402 1321 442 videtur
1338 416 1360 441 a
1378 402 1513 455 Lysia,

187 475 253 515 sed
282 489 304 513 a
332 473 542 525 magistello
571 474 736 526 profecta
763 487 854 512 esse.
1367 481 1370 483 '

248 544 269 594 ᾗ
297 545 349 580 42
379 543 442 591 (†).
499 542 560 580 καὶ
589 547 634 589 τῇ
662 541 803 587 γυναικὶ
828 546 873 589 τῇ
888 540 1232 586 αὑτοῦέπέσκηπτε.
1248 539 1392 589 νομίζων
1406 541 1517 585 αὐτὴν

198 615 293 650 κυεῖν
326 609 367 655 ἐξ
404 610 536 655 αὑτοῦ,
572 610 633 648 ἐὰν
668 608 817 656 γένηται
855 610 947 658 αὐτῇ
981 608 1138 654 παιδίον,
1166 607 1312 658 φράζειν
1338 609 1389 657 τῷ
1417 622 1516 656 γενο·

191 680 283 725 μένῳ
314 676 366 716 ἔτι
403 677 462 715 τὸν
499 677 639 724 πατέρα
679 678 788 715 αὐτοῦ
816 676 1011 724 Ἀγόρατος
1041 676 1248 720 ἀπέκτεινε,
1277 676 1337 715 καὶ
1364 676 1518 715 κελεύειν
1534 673 1542 681 ’

185 750 346 794 τιμωρεῖν
374 745 458 793 ὑπὲρ
487 745 596 784 αὑτοῦ
625 745 670 788 ὥς
698 744 812 793 φονέα
839 744 937 783 ὄντα.

238 814 437 864 Ingeniose
457 813 609 864 quidem
625 812 860 851 Hamakerus
880 813 1038 851 coniecit
1058 813 1258 863 legendum
1272 826 1351 851 esse
1365 811 1511 862 φράζειν

187 883 284 932 αὐτῷ
298 882 390 930 ἀνδρὶ
406 881 592 930 γενομένῳ,
613 895 733 932 neque
747 886 872 920 tamen
887 880 960 920 loci
975 880 1271 920 emendationem
1286 881 1379 920 mihi
1394 880 1510 932 perfe-

187 952 281 990 cisse
310 951 457 989 videtur
464 967 476 997 ς
506 954 695 1001 praeterea
722 951 822 989 enim
842 949 1046 1001 requiritur
1064 949 1112 988 ad
1130 950 1265 989 παιδίον
1285 950 1512 989 adiectivum

188 1018 307 1069 ἄρρεν,
347 1019 449 1070 quod
477 1018 585 1057 facile
614 1019 712 1057 inter
744 1017 805 1057 ἐάν
834 1024 871 1057 et
898 1018 1046 1065 γένηται
1074 1018 1243 1058 excidere
1271 1019 1408 1071 potuit.
1453 1017 1511 1057 Of.

195 1089 487 1139 Aristophanem
516 1089 556 1126 in
584 1088 733 1126 Thesm.
765 1102 818 1126 vs.
850 1089 950 1125 549:

354 1158 406 1204 μη
433 1157 632 1206 φροντίσῃς·
662 1155 761 1205 ἄρρεν
789 1157 862 1203 γὰρ
893 1155 993 1195 ἔτεκε
1018 1155 1166 1196 παιδίον.

246 1227 266 1277 ῥ
295 1227 345 1264 63
375 1226 437 1276 (†)-
495 1224 541 1263 In
578 1224 750 1263 Palatino
789 1229 864 1263 est:
909 1225 939 1264 οἱ
974 1224 1003 1262 δ’
1032 1225 1147 1263 αὐτῶν
1175 1224 1432 1273 περιγενόμενοι
1462 1223 1520 1264 καὶ

194 1294 379 1341 σωθέντες,
409 1290 466 1337 οὓς
494 1292 593 1336 οὗτος
621 1294 686 1340 μὲν
714 1293 919 1333 ἄπόετεινεν
948 1296 1047 1340 ὠμῶς
1075 1295 1151 1333 καὶ
1175 1294 1361 1337 θάνατος
1381 1295 1522 1333 αὐτῶν

192 1362 501 1408 κατεγνώσθη,
531 1363 551 1407 ἧ
583 1362 618 1401 δὲ
648 1362 745 1410 τύχη
774 1362 833 1400 καὶ
862 1362 1032 1409 ὄδαίμων
1051 1363 1282 1411 περιεποίησε·
1301 1360 1522 1412 φυγόντες

195 1433 279 1479 γαρ
308 1431 474 1471 ἐνθένδε
503 1430 576 1470 καὶ
606 1433 651 1471 οὔ
679 1430 1009 1479 συλληφθέντες
1029 1431 1072 1470 δὲ
1091 1431 1187 1471 οὐδὲ
1206 1431 1522 1478 ὑπομείναντες

194 1502 269 1545 τὴν
297 1500 437 1548 κρίσιν
465 1499 696 1543 κατελθόντες
726 1499 801 1538 ἀπὸ
821 1504 939 1544 Φυλῆς
958 1503 1130 1546 τιμῶνται
1150 1501 1214 1548 ὑφ’
1233 1500 1327 1546 ὑμῶν
1345 1501 1390 1543 ὥς
1403 1498 1522 1547 ἄνδρες

193 1568 323 1615 ὦγαθοὶ
351 1568 458 1613 ὄντες.

250 1636 378 1682 Idem,
421 1637 487 1687 qui
526 1636 565 1674 in
604 1636 741 1673 vicinia
778 1635 871 1674 duas
911 1636 1162 1687 paragraphus
1199 1636 1361 1687 integras
1400 1638 1450 1675 65
1485 1640 1522 1675 et

200 1707 250 1743 66
294 1705 555 1756 interpolavit,
605 1718 651 1743 ne
694 1704 740 1743 ab
783 1704 854 1743 hoc
897 1704 1049 1755 quidem
1092 1705 1175 1743 loco
1217 1719 1368 1744 manum
1411 1705 1523 1744 absti-

196 1775 303 1821 nuit,
347 1774 412 1812 sed
441 1774 568 1812 asinus
598 1773 751 1812 auribus
779 1787 858 1812 sese
887 1773 1023 1825 prodit.
1080 1773 1184 1822 Quid
1214 1774 1311 1813 enim
1341 1774 1523 1826 puerilius
1577 1776 1582 1779 ’

197 1848 244 1890 ει,
272 1843 435 1882 ieiunius
475 1856 587 1894 quam
626 1847 712 1893 post
750 1843 955 1883 ἀπέκτεινεν
993 1844 1093 1890 ὠμῶς
1126 1842 1260 1881 addere
1288 1843 1348 1882 καὶ
1376 1843 1524 1887 θάνατος

196 1913 313 1950 αὐτῶν
353 1910 610 1958 κατεγνώσθηΡ
666 1910 717 1949 Et
762 1924 873 1962 quem
919 1912 992 1950 nisi
1034 1911 1222 1963 garrulam
1266 1925 1381 1951 anum
1417 1911 1524 1951 decet

196 1985 282 2031 post
330 1982 614 2028 περιγενόμενοι,
663 1981 828 2024 σωθέντες
841 2010 853 2027 ,
903 1982 921 2018 ὁ
964 1980 1098 2027 δαίμων
1143 1981 1362 2028 περιεποίησε
1409 1981 1523 2033 expli-

197 2061 279 2087 care
330 2062 405 2100 quo
451 2049 562 2087 modo
605 2049 676 2088 hoc
721 2049 860 2088 factum
899 2050 967 2096 sit,
1015 2050 1123 2100 quasi
1163 2049 1305 2089 iudices
1346 2050 1417 2089 hoc
1463 2063 1525 2090 ne-

197 2118 357 2163 scirent,
405 2117 519 2168 idque
570 2118 616 2156 iis
667 2117 807 2164 verbis,
855 2131 950 2168 quae
988 2118 1138 2157 homine
1172 2119 1316 2157 ratione
1354 2120 1523 2170 praedito

195 2184 351 2236 indigna
389 2185 476 2224 sint.
532 2184 802 2236 Expungamus
836 2186 953 2236 igitur
989 2186 1081 2224 istas
1109 2186 1289 2238 ineptias,
1319 2199 1395 2238 quo
1422 2185 1521 2227 facto

195 2253 414 2291 habebimus
464 2253 683 2291 sententiam
730 2252 844 2304 Lysia
886 2254 1060 2304 dignam,
1108 2267 1184 2293 non
1212 2255 1428 2305 impeditam
1457 2256 1524 2294 im-

194 2321 295 2360 mani
339 2321 402 2359 illa
444 2320 700 2368 anacoluthia,
745 2335 855 2373 quam
901 2322 1013 2361 miror
1050 2322 1237 2373 quomodo
1267 2322 1417 2374 quidam
1450 2325 1521 2363 viri

196 2390 297 2428 docti
347 2403 576 2440 concoquere
626 2392 827 2441 potuerint.
898 2390 1074 2441 Superest.
1125 2397 1168 2429 ut
1216 2404 1406 2440 moneam,
1451 2392 1523 2442 γάρ

196 2459 271 2497 iam
318 2472 340 2496 a
388 2458 631 2505 MarklandO,
684 2459 793 2498 verba
840 2461 878 2498 οὐ
924 2458 1188 2508 συλληφθέντες
1236 2459 1272 2499 δὲ
1320 2461 1395 2501 οὐδὲ
1444 2462 1524 2503 ὑπο-
